<?xml version="1.0" encoding="UTF-8"?>
<!DOCTYPE html PUBLIC "-//W3C//DTD XHTML 1.0 Transitional//EN"
    "http://www.w3.org/TR/xhtml1/DTD/xhtml1-transitional.dtd">
<html xmlns="http://www.w3.org/1999/xhtml" xml:lang="en" lang="en">
 <head>
  <title>
</title>
<meta http-equiv="Content-Type" content="text/html;charset=utf-8" />
  <meta name='ocr-system' content='tesseract 3.04.00' />
  <meta name='ocr-capabilities' content='ocr_page ocr_carea ocr_par ocr_line ocrx_word'/>
</head>
<body>
  <div class='ocr_page' id='page_1' title='image "aeneidosliberse00walpgoog_0046.png"; bbox 0 0 2160 3434; ppageno 0'>
   <div class='ocr_carea' id='block_1_1' title="bbox 429 286 962 352">
    <p class='ocr_par' dir='ltr' id='par_1_1' title="bbox 429 286 962 352">
     <span class='ocr_line' id='line_1_1' title="bbox 429 286 962 352; baseline 0.008 -4"><span class='ocrx_word' id='word_1_1' title='bbox 429 298 551 350; x_wconf 78' lang='lat' dir='ltr'>arnna</span> <span class='ocrx_word' id='word_1_2' title='bbox 574 299 599 350; x_wconf 89' lang='lat'>1.</span> <span class='ocrx_word' id='word_1_3' title='bbox 921 286 962 352; x_wconf 83' lang='lat'>31</span> 
     </span>
    </p>
   </div>
   <div class='ocr_carea' id='block_1_2' title="bbox 52 469 1052 2378">
    <p class='ocr_par' dir='ltr' id='par_1_2' title="bbox 53 469 909 548">
     <span class='ocr_line' id='line_1_2' title="bbox 53 469 909 548; baseline -0.002 -16"><span class='ocrx_word' id='word_1_4' title='bbox 53 478 126 532; x_wconf 90' lang='lat' dir='ltr'>tum</span> <span class='ocrx_word' id='word_1_5' title='bbox 141 471 245 532; x_wconf 80' lang='lat' dir='ltr'>Bitiae</span> <span class='ocrx_word' id='word_1_6' title='bbox 261 469 348 530; x_wconf 81' lang='lat' dir='ltr'>dedit</span> <span class='ocrx_word' id='word_1_7' title='bbox 363 469 573 547; x_wconf 78' lang='lat' dir='ltr'>increpitans5</span> <span class='ocrx_word' id='word_1_8' title='bbox 596 469 651 529; x_wconf 88' lang='lat' dir='ltr'>ille</span> <span class='ocrx_word' id='word_1_9' title='bbox 666 470 788 548; x_wconf 86' lang='lat' dir='ltr'>inpiger</span> <span class='ocrx_word' id='word_1_10' title='bbox 802 470 909 530; x_wconf 81' lang='lat' dir='ltr'>hausit</span> 
     </span>
    </p>

    <p class='ocr_par' dir='ltr' id='par_1_3' title="bbox 54 566 854 647">
     <span class='ocr_line' id='line_1_3' title="bbox 54 566 854 647; baseline -0.004 -18"><span class='ocrx_word' id='word_1_11' title='bbox 54 573 256 647; x_wconf 80' lang='lat' dir='ltr'>spumantem</span> <span class='ocrx_word' id='word_1_12' title='bbox 270 572 413 645; x_wconf 87' lang='lat' dir='ltr'>pateram</span> <span class='ocrx_word' id='word_1_13' title='bbox 427 577 459 626; x_wconf 88' lang='lat' dir='ltr'>et</span> <span class='ocrx_word' id='word_1_14' title='bbox 474 566 567 644; x_wconf 86' lang='lat' dir='ltr'>pleno</span> <span class='ocrx_word' id='word_1_15' title='bbox 582 585 615 626; x_wconf 89' lang='lat' dir='ltr'>se</span> <span class='ocrx_word' id='word_1_16' title='bbox 630 566 749 644; x_wconf 89' lang='lat' dir='ltr'>proluit</span> <span class='ocrx_word' id='word_1_17' title='bbox 763 587 854 645; x_wconf 73' lang='lat' dir='ltr'>auro,</span> 
     </span>
    </p>

    <p class='ocr_par' dir='ltr' id='par_1_4' title="bbox 54 664 964 744">
     <span class='ocr_line' id='line_1_4' title="bbox 54 664 964 744; baseline 0.001 -19"><span class='ocrx_word' id='word_1_18' title='bbox 54 671 130 744; x_wconf 89' lang='lat' dir='ltr'>post</span> <span class='ocrx_word' id='word_1_19' title='bbox 144 665 199 724; x_wconf 86' lang='lat' dir='ltr'>alii</span> <span class='ocrx_word' id='word_1_20' title='bbox 214 674 366 742; x_wconf 81' lang='lat' dir='ltr'>proceres.</span> <span class='ocrx_word' id='word_1_21' title='bbox 410 664 540 724; x_wconf 80' lang='lat' dir='ltr'>Cithara</span> <span class='ocrx_word' id='word_1_22' title='bbox 554 664 686 724; x_wconf 81' lang='lat' dir='ltr'>crinitus</span> <span class='ocrx_word' id='word_1_23' title='bbox 701 666 795 744; x_wconf 90' lang='lat' dir='ltr'>Iopas</span> <span class='ocrx_word' id='word_1_24' title='bbox 923 694 964 740; x_wconf 88' lang='lat'>740</span> 
     </span>
    </p>

    <p class='ocr_par' dir='ltr' id='par_1_5' title="bbox 54 761 860 842">
     <span class='ocr_line' id='line_1_5' title="bbox 54 761 860 842; baseline 0.002 -21"><span class='ocrx_word' id='word_1_25' title='bbox 54 767 204 842; x_wconf 91' lang='lat' dir='ltr'>personat</span> <span class='ocrx_word' id='word_1_26' title='bbox 219 767 337 835; x_wconf 90' lang='lat' dir='ltr'>aurata,</span> <span class='ocrx_word' id='word_1_27' title='bbox 354 761 461 820; x_wconf 90' lang='lat' dir='ltr'>doouit</span> <span class='ocrx_word' id='word_1_28' title='bbox 477 779 568 838; x_wconf 90' lang='lat' dir='ltr'>quem</span> <span class='ocrx_word' id='word_1_29' title='bbox 587 762 742 822; x_wconf 89' lang='lat' dir='ltr'>maximus</span> <span class='ocrx_word' id='word_1_30' title='bbox 759 764 860 824; x_wconf 88' lang='lat' dir='ltr'>Atlas.</span> 
     </span>
    </p>

    <p class='ocr_par' dir='ltr' id='par_1_6' title="bbox 55 857 821 937">
     <span class='ocr_line' id='line_1_6' title="bbox 55 857 821 937; baseline 0.001 -17"><span class='ocrx_word' id='word_1_31' title='bbox 55 859 121 920; x_wconf 86' lang='lat' dir='ltr'>Hie</span> <span class='ocrx_word' id='word_1_32' title='bbox 135 859 221 919; x_wconf 89' lang='lat' dir='ltr'>oanit</span> <span class='ocrx_word' id='word_1_33' title='bbox 235 863 393 918; x_wconf 89' lang='lat' dir='ltr'>errantem</span> <span class='ocrx_word' id='word_1_34' title='bbox 407 857 515 916; x_wconf 87' lang='lat' dir='ltr'>lunam</span> <span class='ocrx_word' id='word_1_35' title='bbox 531 858 668 937; x_wconf 89' lang='lat' dir='ltr'>solisque</span> <span class='ocrx_word' id='word_1_36' title='bbox 683 859 821 937; x_wconf 85' lang='lat' dir='ltr'>labores;</span> 
     </span>
    </p>

    <p class='ocr_par' dir='ltr' id='par_1_7' title="bbox 55 955 964 1132">
     <span class='ocr_line' id='line_1_7' title="bbox 55 955 964 1034; baseline 0.003 -19"><span class='ocrx_word' id='word_1_37' title='bbox 55 957 141 1015; x_wconf 90' lang='lat' dir='ltr'>unde</span> <span class='ocrx_word' id='word_1_38' title='bbox 164 955 328 1015; x_wconf 92' lang='lat' dir='ltr'>hominum</span> <span class='ocrx_word' id='word_1_39' title='bbox 349 973 446 1032; x_wconf 87' lang='lat' dir='ltr'>genus</span> <span class='ocrx_word' id='word_1_40' title='bbox 470 960 502 1014; x_wconf 92' lang='lat' dir='ltr'>et</span> <span class='ocrx_word' id='word_1_41' title='bbox 523 957 675 1034; x_wconf 89' lang='lat' dir='ltr'>peoudes;</span> <span class='ocrx_word' id='word_1_42' title='bbox 697 959 780 1018; x_wconf 90' lang='lat' dir='ltr'>unde</span> <span class='ocrx_word' id='word_1_43' title='bbox 808 959 907 1018; x_wconf 86' lang='lat' dir='ltr'>imber</span> <span class='ocrx_word' id='word_1_44' title='bbox 932 965 964 1019; x_wconf 90' lang='lat' dir='ltr'>et</span> 
     </span>
     <span class='ocr_line' id='line_1_8' title="bbox 139 1054 242 1132; baseline 0 -19"><span class='ocrx_word' id='word_1_45' title='bbox 139 1054 242 1132; x_wconf 73' lang='lat' dir='ltr'>ignes,</span> 
     </span>
    </p>

    <p class='ocr_par' dir='ltr' id='par_1_8' title="bbox 54 1150 962 1232">
     <span class='ocr_line' id='line_1_9' title="bbox 54 1150 962 1232; baseline 0.001 -20"><span class='ocrx_word' id='word_1_46' title='bbox 54 1153 228 1212; x_wconf 80' lang='lat' dir='ltr'>Arcturum</span> <span class='ocrx_word' id='word_1_47' title='bbox 243 1150 430 1229; x_wconf 85' lang='lat' dir='ltr'>pluviasque</span> <span class='ocrx_word' id='word_1_48' title='bbox 447 1152 578 1230; x_wconf 89' lang='lat' dir='ltr'>Hyadas</span> <span class='ocrx_word' id='word_1_49' title='bbox 599 1153 802 1232; x_wconf 85' lang='lat' dir='ltr'>geminosque</span> <span class='ocrx_word' id='word_1_50' title='bbox 822 1154 962 1228; x_wconf 85' lang='lat' dir='ltr'>Triones,</span> 
     </span>
    </p>

    <p class='ocr_par' dir='ltr' id='par_1_9' title="bbox 53 1249 902 1330">
     <span class='ocr_line' id='line_1_10' title="bbox 53 1249 902 1330; baseline -0.001 -19"><span class='ocrx_word' id='word_1_51' title='bbox 53 1252 136 1330; x_wconf 91' lang='lat' dir='ltr'>quid</span> <span class='ocrx_word' id='word_1_52' title='bbox 149 1257 273 1310; x_wconf 90' lang='lat' dir='ltr'>tantum</span> <span class='ocrx_word' id='word_1_53' title='bbox 289 1249 412 1310; x_wconf 89' lang='lat' dir='ltr'>Ooeano</span> <span class='ocrx_word' id='word_1_54' title='bbox 428 1256 597 1328; x_wconf 88' lang='lat' dir='ltr'>properent</span> <span class='ocrx_word' id='word_1_55' title='bbox 613 1270 645 1310; x_wconf 91' lang='lat' dir='ltr'>se</span> <span class='ocrx_word' id='word_1_56' title='bbox 661 1251 805 1327; x_wconf 85' lang='lat' dir='ltr'>tinguere</span> <span class='ocrx_word' id='word_1_57' title='bbox 820 1251 902 1310; x_wconf 90' lang='lat' dir='ltr'>soles</span> 
     </span>
    </p>

    <p class='ocr_par' dir='ltr' id='par_1_10' title="bbox 53 1347 964 1425">
     <span class='ocr_line' id='line_1_11' title="bbox 53 1347 964 1425; baseline 0.001 -18"><span class='ocrx_word' id='word_1_58' title='bbox 53 1349 189 1422; x_wconf 84' lang='lat' dir='ltr'>hiberni,</span> <span class='ocrx_word' id='word_1_59' title='bbox 206 1347 257 1406; x_wconf 90' lang='lat' dir='ltr'>vel</span> <span class='ocrx_word' id='word_1_60' title='bbox 272 1366 351 1425; x_wconf 88' lang='lat' dir='ltr'>quae</span> <span class='ocrx_word' id='word_1_61' title='bbox 367 1347 466 1406; x_wconf 90' lang='lat' dir='ltr'>tardis</span> <span class='ocrx_word' id='word_1_62' title='bbox 483 1366 571 1406; x_wconf 88' lang='lat' dir='ltr'>mora</span> <span class='ocrx_word' id='word_1_63' title='bbox 585 1348 728 1407; x_wconf 87' lang='lat' dir='ltr'>noctibus</span> <span class='ocrx_word' id='word_1_64' title='bbox 743 1349 854 1407; x_wconf 88' lang='lat' dir='ltr'>obstet.</span> <span class='ocrx_word' id='word_1_65' title='bbox 923 1365 964 1420; x_wconf 81' lang='lat'>746</span> 
     </span>
    </p>

    <p class='ocr_par' dir='ltr' id='par_1_11' title="bbox 55 1445 877 1524">
     <span class='ocr_line' id='line_1_12' title="bbox 55 1445 877 1524; baseline -0.005 -18"><span class='ocrx_word' id='word_1_66' title='bbox 55 1447 260 1523; x_wconf 88' lang='lat' dir='ltr'>Ingeminant</span> <span class='ocrx_word' id='word_1_67' title='bbox 275 1446 388 1524; x_wconf 89' lang='lat' dir='ltr'>plausu</span> <span class='ocrx_word' id='word_1_68' title='bbox 405 1445 502 1522; x_wconf 80' lang='lat' dir='ltr'>Tyrii,</span> <span class='ocrx_word' id='word_1_69' title='bbox 521 1447 680 1523; x_wconf 83' lang='lat' dir='ltr'>Troesque</span> <span class='ocrx_word' id='word_1_70' title='bbox 696 1451 877 1523; x_wconf 87' lang='lat' dir='ltr'>sequuntur.</span> 
     </span>
    </p>

    <p class='ocr_par' dir='ltr' id='par_1_12' title="bbox 54 1543 808 1603">
     <span class='ocr_line' id='line_1_13' title="bbox 54 1543 808 1603; baseline -0.003 0"><span class='ocrx_word' id='word_1_71' title='bbox 54 1545 202 1603; x_wconf 84' lang='lat' dir='ltr'>Necnon</span> <span class='ocrx_word' id='word_1_72' title='bbox 218 1548 250 1603; x_wconf 92' lang='lat' dir='ltr'>et</span> <span class='ocrx_word' id='word_1_73' title='bbox 264 1544 352 1603; x_wconf 83' lang='lat' dir='ltr'>vario</span> <span class='ocrx_word' id='word_1_74' title='bbox 368 1548 491 1602; x_wconf 84' lang='lat' dir='ltr'>noctem</span> <span class='ocrx_word' id='word_1_75' title='bbox 507 1561 648 1601; x_wconf 89' lang='lat' dir='ltr'>sermone</span> <span class='ocrx_word' id='word_1_76' title='bbox 662 1543 808 1602; x_wconf 89' lang='lat' dir='ltr'>trahebat</span> 
     </span>
    </p>

    <p class='ocr_par' dir='ltr' id='par_1_13' title="bbox 54 1631 785 1719">
     <span class='ocr_line' id='line_1_14' title="bbox 54 1631 785 1719; baseline -0.003 -20"><span class='ocrx_word' id='word_1_77' title='bbox 54 1640 172 1700; x_wconf 85' lang='lat' dir='ltr'>infelix</span> <span class='ocrx_word' id='word_1_78' title='bbox 187 1641 279 1715; x_wconf 89' lang='lat' dir='ltr'>Dido,</span> <span class='ocrx_word' id='word_1_79' title='bbox 294 1641 483 1719; x_wconf 85' lang='lat' dir='ltr'>longumque</span> <span class='ocrx_word' id='word_1_80' title='bbox 499 1631 626 1700; x_wconf 79' lang='lat' dir='ltr'>bibebat</span> <span class='ocrx_word' id='word_1_81' title='bbox 640 1659 785 1714; x_wconf 89' lang='lat' dir='ltr'>amorem,</span> 
     </span>
    </p>

    <p class='ocr_par' dir='ltr' id='par_1_14' title="bbox 55 1736 961 1814">
     <span class='ocr_line' id='line_1_15' title="bbox 55 1736 961 1814; baseline -0.001 -18"><span class='ocrx_word' id='word_1_82' title='bbox 55 1737 160 1796; x_wconf 92' lang='lat' dir='ltr'>multa</span> <span class='ocrx_word' id='word_1_83' title='bbox 174 1756 267 1814; x_wconf 88' lang='lat' dir='ltr'>super</span> <span class='ocrx_word' id='word_1_84' title='bbox 282 1738 407 1797; x_wconf 91' lang='lat' dir='ltr'>Priamo</span> <span class='ocrx_word' id='word_1_85' title='bbox 423 1738 572 1813; x_wconf 85' lang='lat' dir='ltr'>rogitans,</span> <span class='ocrx_word' id='word_1_86' title='bbox 589 1756 682 1814; x_wconf 88' lang='lat' dir='ltr'>super</span> <span class='ocrx_word' id='word_1_87' title='bbox 696 1738 834 1796; x_wconf 90' lang='lat' dir='ltr'>Heotore</span> <span class='ocrx_word' id='word_1_88' title='bbox 851 1736 961 1810; x_wconf 87' lang='lat' dir='ltr'>multa,</span> 
     </span>
    </p>

    <p class='ocr_par' dir='ltr' id='par_1_15' title="bbox 54 1833 961 1911">
     <span class='ocr_line' id='line_1_16' title="bbox 54 1833 961 1911; baseline -0.002 -19"><span class='ocrx_word' id='word_1_89' title='bbox 54 1853 150 1908; x_wconf 91' lang='lat' dir='ltr'>nuno,</span> <span class='ocrx_word' id='word_1_90' title='bbox 166 1833 278 1911; x_wconf 89' lang='lat' dir='ltr'>quibus</span> <span class='ocrx_word' id='word_1_91' title='bbox 295 1835 435 1894; x_wconf 83' lang='lat' dir='ltr'>Aurorae</span> <span class='ocrx_word' id='word_1_92' title='bbox 450 1835 590 1894; x_wconf 81' lang='lat' dir='ltr'>venisset</span> <span class='ocrx_word' id='word_1_93' title='bbox 606 1834 690 1893; x_wconf 90' lang='lat' dir='ltr'>filius</span> <span class='ocrx_word' id='word_1_94' title='bbox 705 1834 809 1907; x_wconf 88' lang='lat' dir='ltr'>armis,</span> <span class='ocrx_word' id='word_1_95' title='bbox 922 1860 961 1908; x_wconf 82' lang='lat'>751</span> 
     </span>
    </p>

    <p class='ocr_par' dir='ltr' id='par_1_16' title="bbox 54 1916 961 2008">
     <span class='ocr_line' id='line_1_17' title="bbox 54 1916 961 2008; baseline -0.001 -19"><span class='ocrx_word' id='word_1_96' title='bbox 54 1949 149 2004; x_wconf 89' lang='lat' dir='ltr'>nuno,</span> <span class='ocrx_word' id='word_1_97' title='bbox 163 1931 271 2007; x_wconf 89' lang='lat' dir='ltr'>quales</span> <span class='ocrx_word' id='word_1_98' title='bbox 287 1916 450 1990; x_wconf 82' lang='lat' dir='ltr'>Diomedis</span> <span class='ocrx_word' id='word_1_99' title='bbox 460 1931 541 2008; x_wconf 91' lang='lat' dir='ltr'>equi,</span> <span class='ocrx_word' id='word_1_100' title='bbox 552 1950 644 2005; x_wconf 89' lang='lat' dir='ltr'>nuno,</span> <span class='ocrx_word' id='word_1_101' title='bbox 658 1935 794 2008; x_wconf 89' lang='lat' dir='ltr'>quantus</span> <span class='ocrx_word' id='word_1_102' title='bbox 810 1929 961 1990; x_wconf 78' lang='lat' dir='ltr'>Achilles.</span> 
     </span>
    </p>

    <p class='ocr_par' dir='ltr' id='par_1_17' title="bbox 55 2027 920 2106">
     <span class='ocr_line' id='line_1_18' title="bbox 55 2027 920 2106; baseline 0.002 -21"><span class='ocrx_word' id='word_1_103' title='bbox 55 2033 65 2063; x_wconf 81' lang='lat'>‘</span> <span class='ocrx_word' id='word_1_104' title='bbox 74 2027 178 2086; x_wconf 88' lang='lat' dir='ltr'>Immo</span> <span class='ocrx_word' id='word_1_105' title='bbox 193 2046 259 2105; x_wconf 88' lang='lat' dir='ltr'>age,</span> <span class='ocrx_word' id='word_1_106' title='bbox 275 2034 307 2087; x_wconf 92' lang='lat' dir='ltr'>et</span> <span class='ocrx_word' id='word_1_107' title='bbox 322 2047 340 2087; x_wconf 94' lang='lat' dir='ltr'>a</span> <span class='ocrx_word' id='word_1_108' title='bbox 354 2029 464 2105; x_wconf 87' lang='lat' dir='ltr'>prima,</span> <span class='ocrx_word' id='word_1_109' title='bbox 481 2028 539 2101; x_wconf 90' lang='lat' dir='ltr'>dio,</span> <span class='ocrx_word' id='word_1_110' title='bbox 555 2028 679 2106; x_wconf 79' lang='lat' dir='ltr'>hospeS,</span> <span class='ocrx_word' id='word_1_111' title='bbox 696 2027 816 2104; x_wconf 86' lang='lat' dir='ltr'>origine</span> <span class='ocrx_word' id='word_1_112' title='bbox 830 2027 920 2087; x_wconf 90' lang='lat' dir='ltr'>nobis</span> 
     </span>
    </p>

    <p class='ocr_par' dir='ltr' id='par_1_18' title="bbox 53 2124 826 2202">
     <span class='ocr_line' id='line_1_19' title="bbox 53 2124 826 2202; baseline 0 -19"><span class='ocrx_word' id='word_1_113' title='bbox 53 2124 209 2198; x_wconf 87' lang='lat' dir='ltr'>insidias,&#39;</span> <span class='ocrx_word' id='word_1_114' title='bbox 224 2124 338 2202; x_wconf 88' lang='lat' dir='ltr'>inquit,</span> <span class='ocrx_word' id='word_1_115' title='bbox 357 2126 519 2184; x_wconf 83' lang='lat' dir='ltr'>‘Danaum</span> <span class='ocrx_word' id='word_1_116' title='bbox 534 2143 686 2202; x_wconf 81' lang='lat' dir='ltr'>casusque</span> <span class='ocrx_word' id='word_1_117' title='bbox 701 2130 826 2183; x_wconf 89' lang='lat' dir='ltr'>tuorum</span> 
     </span>
    </p>

    <p class='ocr_par' dir='ltr' id='par_1_19' title="bbox 53 2221 1052 2313">
     <span class='ocr_line' id='line_1_20' title="bbox 53 2221 1052 2313; baseline 0.015 -33"><span class='ocrx_word' id='word_1_118' title='bbox 53 2239 240 2299; x_wconf 85' lang='lat' dir='ltr'>erroresque</span> <span class='ocrx_word' id='word_1_119' title='bbox 254 2226 343 2280; x_wconf 89' lang='lat' dir='ltr'>tuos:</span> <span class='ocrx_word' id='word_1_120' title='bbox 367 2241 439 2281; x_wconf 89' lang='lat' dir='ltr'>nam</span> <span class='ocrx_word' id='word_1_121' title='bbox 453 2226 486 2280; x_wconf 95' lang='lat' dir='ltr'>te</span> <span class='ocrx_word' id='word_1_122' title='bbox 501 2221 565 2280; x_wconf 91' lang='lat' dir='ltr'>iam</span> <span class='ocrx_word' id='word_1_123' title='bbox 580 2221 717 2298; x_wconf 88' lang='lat' dir='ltr'>septima</span> <span class='ocrx_word' id='word_1_124' title='bbox 731 2227 838 2298; x_wconf 90' lang='lat' dir='ltr'>portat</span> <span class='ocrx_word' id='word_1_125' title='bbox 921 2247 960 2295; x_wconf 82' lang='lat'>755</span> <span class='ocrx_word' id='word_1_126' title='bbox 1008 2288 1015 2313; x_wconf 64' lang='lat'>,</span> <span class='ocrx_word' id='word_1_127' title='bbox 1035 2250 1052 2269; x_wconf 78' lang='lat'>·‘</span> 
     </span>
    </p>

    <p class='ocr_par' dir='ltr' id='par_1_20' title="bbox 52 2317 831 2378">
     <span class='ocr_line' id='line_1_21' title="bbox 52 2317 831 2378; baseline 0.001 -1"><span class='ocrx_word' id='word_1_128' title='bbox 52 2317 201 2377; x_wconf 90' lang='lat' dir='ltr'>omnibus</span> <span class='ocrx_word' id='word_1_129' title='bbox 217 2323 373 2377; x_wconf 87' lang='lat' dir='ltr'>errantem</span> <span class='ocrx_word' id='word_1_130' title='bbox 387 2318 481 2377; x_wconf 90' lang='lat' dir='ltr'>terris</span> <span class='ocrx_word' id='word_1_131' title='bbox 497 2324 529 2378; x_wconf 88' lang='lat' dir='ltr'>et</span> <span class='ocrx_word' id='word_1_132' title='bbox 543 2317 691 2378; x_wconf 86' lang='lat' dir='ltr'>fluetibus</span> <span class='ocrx_word' id='word_1_133' title='bbox 707 2318 831 2378; x_wconf 66' lang='lat' dir='ltr'>aestas!</span> 
     </span>
    </p>
   </div>
   <div class='ocr_carea' id='block_1_3' title="bbox 0 0 1084 3434">
    <p class='ocr_par' dir='ltr' id='par_1_21' title="bbox 0 0 1084 3434">
     <span class='ocr_line' id='line_1_22' title="bbox 0 0 1084 3434; baseline 0 0"><span class='ocrx_word' id='word_1_134' title='bbox 0 0 1084 3434; x_wconf 95' lang='lat' dir='ltr'> </span> 
     </span>
    </p>
   </div>
  </div>
 </body>
</html>
