2160 3434
14 1112 30 1141 Λ

85 238 127 303 14
435 250 647 303 Aannznos.

84 424 230 500 Namque
243 423 360 482 umeris
372 423 410 482 de
420 441 505 482 more
520 422 659 482 habilem
670 422 876 501 suspenderat
887 441 994 483 areum

86 520 240 595 venatrix,
258 520 449 598 dederatque
468 538 590 580 comam
604 519 780 579 diffundere
794 518 910 595 ventis,

85 618 170 677 nuda
184 635 265 694 genu
282 618 425 695 nodoque
441 616 529 676 sinus
545 616 677 676 oolleota
690 615 827 676 fluentis.
952 645 996 692 320

86 716 133 774 Ao
154 714 240 793 prior
263 713 404 773 ‘Heusi’
428 713 540 791 inquit,
565 713 719 788 ‘iuvenes
734 718 918 789 monstrate,
934 734 996 774 me-

166 830 255 870 arum

85 907 211 968 vidistis
228 907 255 967 si
270 926 365 986 quam
379 907 431 967 hio
447 912 602 967 errantem
618 907 700 966 forte
716 925 865 982 sororum,

79 994 277 1065 'succinctam
292 1004 448 1083 pharetra,
465 1009 498 1063 et
512 1003 670 1070 maculoso
685 1004 823 1081 tegmine
838 1004 940 1082 lyncis

48 1162 54 1172 ,
84 1107 140 1161 aut
155 1101 331 1182 spumantis
347 1101 415 1180 apri
430 1119 555 1161 oursum
571 1100 705 1160 elamore
720 1102 933 1178 prementem!

128 1199 179 1259 Sio
192 1198 309 1273 Venus,
325 1203 357 1258 et
371 1197 503 1259 Veneris
519 1203 629 1257 eontra
644 1198 689 1258 sio
704 1197 789 1257 filius
804 1216 910 1257 orsus:
953 1227 994 1275 3²5

88 1296 206 1355 ‘Nulla
220 1302 347 1355 tuarum
362 1295 471 1355 audita
484 1295 562 1354 mihi
577 1314 679 1373 neque
693 1297 762 1356 visa
773 1315 922 1371 sororum,

87 1411 256 1471 o-quam
278 1399 310 1452 te
331 1411 507 1468 memorem,
523 1392 642 1468 virgo?
672 1412 806 1470 namque
828 1392 913 1453 haud
933 1392 996 1454 tibi

168 1489 273 1562 voltus

88 1587 239 1662 mortalis,
256 1605 313 1647 neo
324 1605 387 1646 vox
401 1585 560 1646 hominem
576 1591 684 1661 sonat;
706 1587 792 1645 odea
807 1592 899 1660 oerte,

88 1703 128 1744 an
142 1683 263 1743 Phoebi
278 1685 392 1744 soror?
413 1703 454 1743 an
468 1683 679 1761 nympharum
694 1682 857 1759 sanguinis
873 1686 960 1744 una?

88 1781 139 1841 Sis
154 1781 242 1856 felix,
259 1786 464 1857 nostrumque
482 1781 567 1840 leves
583 1797 796 1858 quaecumque
811 1780 959 1855 laborem,

88 1883 129 1954 et,
145 1897 206 1956 quo
221 1878 279 1937 sub
294 1877 379 1938 eaelo
394 1877 531 1950 tandem,
547 1876 660 1954 quibus
677 1876 761 1936 orbis
778 1876 811 1935 in
826 1876 889 1936 oris
952 1905 994 1952 331

88 1976 248 2048 iactemur,
265 1975 393 2049 dooeas3
416 1973 518 2050 ignari
533 1973 757 2050 hominumque
772 1972 973 2051 locorumque

15 2084 18 2093 ·
88 2090 237 2146 erramus,
253 2077 349 2131 vento
364 2070 425 2130 huo
439 2070 539 2129 vastis
555 2075 587 2130 et
601 2069 747 2129 fluetibus
763 2070 842 2130 aeti:

89 2168 190 2228 multa
203 2167 264 2227 tibi
278 2173 352 2227 ante
367 2185 436 2226 aras
449 2172 557 2226 nostra
572 2167 662 2226 cadet
676 2166 782 2226 hostia
796 2166 926 2227 dextra!

88 2378 157 2426 Dido
175 2378 228 2425 had
239 2379 294 2436 flod
306 2379 380 2437 from
401 2377 466 2436 Ture
484 2383 508 2425 to
525 2390 612 2436 escape
622 2379 697 2437 srom
715 2379 756 2426 the
775 2384 889 2438 tyranne
907 2378 938 2435 os
949 2377 997 2424 her

148 2453 251 2509 brother
274 2452 441 2523 Pygmalion,
467 2453 522 2500 who
553 2453 605 2500 had
634 2455 772 2501 mardered
801 2453 847 2500 her
877 2451 997 2500 husband

147 2527 286 2585 Sychaeus.

129 2653 210 2711 Tum
233 2652 359 2713 Venus:
403 2652 519 2712 ‘Haud
545 2623 692 2729 equidem
718 2651 778 2711 tali
805 2670 855 2711 me
883 2650 997 2727 dignor

170 2749 302 2824 honore;
953 2774 995 2824 3³5

88 2845 264 2922 virginibus
280 2844 386 2923 Tyriis
401 2863 468 2905 mos
480 2850 529 2905 est
543 2850 666 2923 gestare
681 2845 860 2923 pharetram

89 2961 307 3021 purpureoque
321 2943 386 3002 alte
401 2960 490 3002 suras
505 2942 624 3002 vincire
640 2942 801 3002 cothurno.

86 3038 210 3100 Punioa
224 3058 321 3118 regna
333 3038 431 3113 rideo,
448 3038 560 3118 Tyrios
575 3044 606 3098 et
622 3038 775 3115 Agenoris
790 3038 917 3114 urbem3
