2160 3434
486 253 606 304 mcxx
627 254 653 304 ι.
980 238 1022 306 17

112 443 249 503 namque
264 423 325 484 tibi
339 423 468 483 reduces
484 423 584 482 socios
600 423 795 500 classemque
811 423 943 482 relatam
983 452 1025 497 390

112 522 226 581 nuntio
241 520 321 580 etin
335 525 441 579 tutum
455 520 556 579 versis
571 519 782 597 Aquilonibus
797 524 909 594 actam,

81 608 148 697 [ni
163 619 285 677 frustra
298 617 466 694 augurium
480 616 554 675 vani
569 617 701 677 docuere
716 621 871 694 parentes.
891 602 902 662 ’ἴ

113 715 231 793 Aspice
246 715 295 774 bis
310 732 402 773 senos
417 713 567 773 laetantis
583 713 708 789 agmine
723 731 847 791 cycnos,
892 696 901 719 ⁷

113 811 257 872 aetheria
268 829 347 889 quos
361 811 452 888 lapsa
465 810 559 887 plaga
573 809 659 869 Iovis
675 810 740 869 ales
755 815 863 887 aperto

113 908 264 984 turbabat
277 907 381 983 caeloq
403 925 486 966 nuuc
500 912 600 966 terras
615 905 726 966 ordine
740 906 834 983 longo
983 934 1023 982 395

113 1011 172 1066 aut
185 1022 294 1084 capere
309 1009 366 1064 aut
380 1009 489 1081 captas
504 1002 567 1063 iam
581 1004 762 1081 despectare
776 1003 941 1063 videntur:

113 1107 152 1162 ut
166 1102 295 1163 reduces
310 1100 360 1160 illi
374 1101 490 1160 ludunt
505 1100 713 1160 stridentibus
729 1100 788 1160 alis
885 1132 886 1137 κ

114 1205 148 1258 et
162 1205 254 1259 coetu
268 1198 394 1259 cinxere
409 1198 517 1276 polum
532 1201 704 1274 cantusque
720 1197 843 1272 dedere,

114 1296 201 1356 haud
215 1296 308 1356 aliter
309 1313 503 1380 puppesque
511 1298 591 1379 tuae
607 1294 767 1371 pubesque
782 1300 908 1353 tuorum

114 1398 172 1453 aut
185 1397 311 1470 portum
325 1397 414 1479 tenet
427 1397 482 1451 aut
497 1390 590 1468 pleno
606 1391 691 1450 subit
706 1391 789 1450 ostia
799 1391 878 1451 velo.
982 1421 1027 1464 400

114 1484 216 1565 Perge
231 1489 323 1549 modo
338 1493 378 1564 et,
395 1507 458 1566 qua
471 1493 503 1548 te
518 1487 606 1547 ducit
620 1487 680 1562 via,
698 1487 798 1564 dirige
813 1489 981 1565 gressum'.

157 1585 257 1661 Dixit,
272 1591 305 1646 et
318 1590 464 1645 avertens
479 1603 569 1645 rosea
583 1584 703 1644 cervice
718 1585 853 1660 refulsit,

115 1683 354 1761 ambrosiaeque
369 1700 475 1743 comae
487 1682 630 1741 divinum
645 1681 763 1742 vertice
778 1683 905 1742 odorem

116 1779 293 1858 spiravere3
306 1779 450 1857 -pedes
465 1778 564 1838 vestis
579 1778 710 1838 defluxit
723 1779 764 1838 ad
777 1779 857 1839 imos
867 1801 874 1838 z
883 1814 926 1825 —

116 1883 150 1938 et
165 1895 239 1936 vera
252 1876 378 1937 incessu
392 1875 496 1953 patuit
511 1875 577 1935 dea.
620 1874 681 1935 Ille
695 1874 750 1934 ubi
770 1880 902 1935 matrem
983 1903 1025 1952 405

116 1975 256 2052 agnovit,
272 1973 331 2034 tali
346 1973 523 2050 fugientem
537 1977 586 2032 est
601 1990 676 2032 voce
691 1977 836 2055 secutus:

118 2072 218 2142 ‘Quid
232 2077 343 2132 natum
357 2070 485 2144 totiens,
502 2069 639 2129 crudelis
653 2075 690 2128 tu
705 2087 837 2146 quoque,
853 2070 945 2130 falsis

116 2169 202 2229 ludis
216 2169 434 2246 imaginibus?
457 2187 512 2228 cur
528 2167 656 2226 dextrae
672 2166 800 2243 iungere
816 2166 959 2226 dextram
1061 2166 1064 2171 '

116 2284 181 2325 non
195 2266 302 2338 datur,
311 2284 347 2326 ao
361 2284 451 2325 veras
467 2264 575 2324 audire
591 2269 624 2323 et
638 2263 767 2323 reddere
781 2281 873 2323 voces
884 2265 917 2323 ?'

117 2363 248 2423 Talibus
262 2363 395 2438 incusat,
413 2380 616 2440 gressumque
632 2361 672 2420 ad
683 2361 806 2420 moenia
819 2360 931 2420 tendit.
984 2388 1028 2431 410

116 2460 163 2519 At
177 2461 283 2521 Venus
298 2460 430 2520 obscuro
445 2459 617 2536 gradientis
632 2463 702 2517 aere
717 2458 844 2535 saepsit,

117 2561 151 2617 et
165 2556 266 2616 multo
281 2556 413 2616 nebulae
430 2556 547 2617 circum
562 2556 622 2615 dea
636 2554 722 2614 fudit
737 2553 864 2629 amictu,

118 2672 245 2714 cernere
259 2673 298 2714 ne
313 2653 384 2732 quis
400 2671 452 2713 eos
467 2671 528 2712 neu
543 2652 614 2730 quis
630 2650 812 2728 contingere
826 2656 933 2728 posset

118 2750 264 2811 molirive
279 2768 398 2810 moram
413 2755 468 2809 aut
482 2748 630 2809 veniendi
644 2766 771 2827 poscere
785 2766 904 2808 causas.

118 2848 196 2926 Ipsa
210 2847 356 2926 Paphum
370 2846 516 2906 sublimis
530 2846 606 2920 abit,
622 2846 773 2922 sedesque
793 2844 905 2905 revisit
984 2873 1025 2920 415

117 2945 203 3005 laeta
217 2963 299 3019 suas,
316 2943 370 3004 ubi
385 2943 538 3021 templum
553 2942 612 3012 illi,
628 2946 816 3020 centumque
833 2942 952 3002 Sabaeo
1059 3001 1080 3029 ⁴

117 3047 190 3102 ture
204 3040 309 3102 calent
322 3058 395 3100 arae
410 3040 566 3119 sertisque
581 3037 765 3101 recentibus
772 3037 907 3098 balant.
