2160 3434
122 233 164 298 26
471 244 682 297 Aruernos.

122 418 210 476 Tune
225 415 280 475 ille
294 416 429 490 Aeneas,
444 433 536 493 quem
551 414 711 475 Dardanio
725 413 884 474 Anchisae

121 513 205 574 alma
219 514 326 575 Venus
341 513 474 591 Phrygii
490 512 599 589 genuit
614 511 784 572 Simoentis
800 512 840 570 ad
853 510 998 572 undam?

121 616 217 688 atque
232 611 377 688 equidem
391 611 547 669 Teucrum
561 608 691 668 memini
707 608 823 668 Sidona
836 608 945 668 venire

120 707 237 767 finibus
252 706 419 785 expulsum
434 706 556 783 patriis,
572 723 654 764 nova
668 724 765 781 regna
778 710 937 783 petentem
985 722 1029 767 620

121 804 240 864 auxilio
254 804 343 879 Beli;
365 802 489 879 genitor
504 807 572 861 tum
587 802 683 861 Belus
698 802 834 879 opimam

120 902 266 961 vastabat
282 902 420 978 Cyprum
436 905 468 958 et
482 899 584 958 victor
599 899 722 958 dicione
736 899 872 958 tenebat.

121 999 273 1076 Tempore
289 999 351 1056 iam
366 1015 404 1056 ex
419 996 475 1055 illo
490 1014 580 1055 casus
595 995 673 1054 mihi
688 995 832 1072 cognitus
847 995 934 1056 urbis

121 1094 274 1154 Troianae
289 1112 464 1171 nomenque
478 1097 569 1151 tuum
584 1110 734 1179 regesque
748 1092 883 1169 Pelasgi.

121 1191 195 1269 Ipse
210 1191 312 1250 hostis
328 1192 462 1250 Teucros
478 1189 595 1266 insigni
610 1188 703 1248 laude
717 1189 849 1264 ferebat,
985 1206 1027 1267 ως

121 1306 217 1366 seque
232 1293 336 1347 ortum
350 1287 482 1364 antiqua
496 1288 685 1346 Teucrorum
701 1281 740 1345 ab
755 1285 853 1363 stirpe
867 1286 1003 1347 volebat.

120 1385 222 1455 Quare
237 1384 330 1460 agite,
346 1403 364 1442 o
378 1383 480 1458 teetiS,
495 1383 635 1456 iuvenes,
650 1381 808 1442 succedite
824 1383 949 1442 nostris.

121 1482 175 1540 Me
189 1499 313 1558 quoque
329 1498 385 1558 per
398 1480 515 1540 multos
531 1479 645 1538 similis
661 1478 790 1538 fortuna
803 1479 926 1539 labores

120 1578 271 1638 iactatam
284 1578 342 1637 hac
358 1577 483 1636 demum
497 1576 600 1636 voluit
611 1576 783 1636 consistere
797 1581 897 1635 terra:

120 1693 184 1734 non
197 1675 307 1752 ignara
321 1675 397 1734 mali
412 1674 534 1733 miseris
550 1691 728 1733 succurrere
744 1672 849 1732 disco!
984 1690 1030 1750 630

120 1878 171 1926 Sto
183 1878 272 1936 trinos
283 1877 383 1925 Aeneas
393 1879 448 1924 into
460 1877 500 1923 tue
507 1876 606 1934 pclare,
616 1877 669 1922 oud
679 1876 754 1922 sends
759 1876 825 1933 food
833 1880 857 1922 to
865 1876 905 1923 tte
918 1875 1028 1934 Trojum

506 1964 540 1997 on
551 1951 638 1997 boord.

120 2059 172 2119 Sic
187 2065 353 2135 memorat3
376 2059 470 2119 simul
485 2058 615 2118 Aenean
629 2058 663 2116 in
678 2058 764 2134 regia
779 2057 865 2116 ducit

28 2163 31 2168 “
119 2162 212 2231 tecta,
229 2156 322 2216 simul
337 2157 445 2216 divum
458 2155 587 2233 templis
601 2154 714 2214 indicit
729 2155 889 2215 honorem.

119 2253 187 2312 Nec
202 2253 306 2312 minus
321 2253 442 2312 interea
456 2252 549 2312 sociis
565 2252 605 2311 ad
619 2251 714 2310 litora
728 2251 830 2310 mittit

118 2350 235 2427 viginti
250 2355 365 2424 tauroS,
381 2368 564 2426 magnorum
579 2348 740 2407 horrentia
755 2353 881 2407 centum

118 2453 208 2524 terga
221 2465 321 2520 suurn,
334 2446 460 2524 pinguis
472 2453 598 2506 centum
610 2464 681 2504 cum
693 2444 845 2504 matribus
860 2461 967 2521 agnos,
983 2459 1026 2522 ⁶35

119 2562 248 2603 munera
261 2543 478 2621 laetitiamque
493 2543 546 2602 dii.

119 2641 163 2700 At
178 2642 287 2700 domus
303 2640 434 2699 interior
448 2639 546 2716 regali
562 2639 728 2717 splendida
742 2639 822 2698 luxu
840 2643 842 2647 '

117 2738 294 2811 instruitur,
312 2736 486 2814 mediisque
501 2741 614 2814 parant
630 2735 775 2795 convivia
788 2734 901 2810 tectis3

117 2839 184 2894 arte
199 2834 360 2893 laboratae
375 2838 479 2894 vestes
494 2839 642 2910 ostroque
658 2834 799 2911 superb0,

117 2932 228 3007 ingens
244 2935 409 3006 argentum
423 2931 549 3005 mensis
567 2930 749 3008 caelataque
765 2930 799 2988 in
814 2948 889 3010 auro
952 2994 954 3000 ,
982 2944 1028 3002 640

116 3028 214 3087 fortia
228 3028 314 3087 facta
327 3032 463 3106 patrum,
480 3027 576 3087 series
591 3026 777 3103 longissima
791 3045 895 3086 rerum

88 3137 159 3191 per
171 3127 224 3180 tot
238 3124 336 3183 ducta
353 3124 439 3184 viros
455 3124 608 3205 antiquae
624 3124 663 3185 ab
677 3123 799 3202 origine
813 3123 925 3198 gentis.
