2160 3434
457 259 578 311 LIBER
600 261 626 311 Ι.

83 433 142 493 sed
155 431 233 491 fines
249 391 369 510 Lihyci,
385 448 483 507 genus
498 429 697 490 intractabile
711 429 803 490 bello.

84 528 259 607 Imperium
273 528 357 587 Dido
372 527 470 606 Tyria
483 528 565 604 regit
580 527 656 587 urbe
672 526 823 605 profecta,
954 554 997 600 340

83 644 268 704 germanum
282 624 417 701 fugiens.
461 625 570 700 Longa
583 628 632 683 est
647 623 772 698 iniuria,
787 624 899 701 longae

83 723 249 798 ambages3
271 721 327 782 sed
342 739 466 780 summa
483 738 596 798 sequar
611 720 742 796 fastigia
757 708 881 781 rerum(

83 819 170 879 Huic
185 819 322 878 coniunx
337 818 496 896 Sychaeus
512 823 587 893 erat,
605 817 781 878 ditissimus
797 819 865 895 agri

83 915 287 990 Phoenicum,
303 921 335 974 et
350 933 462 992 magno
478 914 611 975 miserae
628 915 761 975 dilectus
776 933 889 989 amore,
993 973 995 978 ,

84 1013 137 1073 eui
151 1019 241 1090 pater
254 1013 408 1073 intactam
423 1013 552 1072 dederat
569 1012 740 1090 primisque
757 1012 882 1089 iugarat
954 1037 995 1086 345

84 1109 252 1170 ominibus.
296 1109 358 1169 Sed
372 1127 469 1186 regna
483 1109 561 1187 Tyri
577 1128 742 1187 germanus
758 1109 894 1169 habebat

83 1206 282 1284 Pygmalion,
299 1206 414 1266 scelere
429 1211 504 1266 ante
519 1206 597 1266 alios
612 1206 779 1266 immanior
793 1205 903 1267 omnis.

84 1304 169 1374 Quos
184 1303 269 1363 inter
282 1303 405 1363 medius
420 1302 510 1363 venit
524 1304 620 1364 furor.
666 1304 727 1364 Ille
742 1303 919 1382 Sychaeum

85 1399 203 1478 impius
217 1406 290 1460 ante
305 1419 375 1460 aras
390 1406 486 1478 atque
501 1400 570 1461 auri
584 1419 694 1462 caecus
709 1418 814 1461 amore

85 1497 168 1558 elam
182 1498 267 1557 ferro
282 1497 444 1558 incautum
458 1504 594 1578 superat,
611 1516 738 1558 securus
753 1516 893 1558 amorum
954 1523 997 1572 350

85 1614 270 1673 germanae3
293 1595 475 1673 factumque
492 1596 548 1656 diu
562 1595 685 1670 celavit,
702 1601 734 1654 et
748 1612 873 1670 aegram

85 1692 188 1752 multa
201 1692 302 1753 malus
318 1692 470 1752 simulans
486 1710 568 1752 vana
582 1709 637 1769 spe
652 1690 731 1752 lusit
745 1696 911 1751 amantem.

85 1788 162 1866 Ipsa
177 1789 280 1848 sedin
294 1789 413 1849 somnis
428 1788 586 1848 inhumati
598 1789 686 1848 venit
701 1788 805 1864 imago

86 1885 238 1962 coniugis,
253 1903 309 1945 ora
322 1885 423 1945 modis
438 1885 587 1946 attollens
603 1885 723 1963 pallida
733 1884 838 1960 miris3

85 1982 223 2042 crudelis
237 2000 308 2042 aras
323 1982 517 2060 traiectaque
532 1988 661 2060 pectora
674 1982 759 2042 ferro
955 2006 995 2056 355

86 2079 229 2154 nudavit,
244 2097 432 2157 caecumque
447 2080 558 2139 domus
573 2079 675 2140 scelus
690 2097 780 2138 omne
795 2078 919 2138 retexit.

86 2177 168 2236 Tum
182 2176 319 2236 celerare
333 2177 442 2253 fugam
457 2176 620 2255 patriaque
635 2176 785 2236 excedere
800 2175 921 2250 suadet,

86 2272 304 2350 auxiliumque
320 2273 390 2333 viae
405 2279 527 2333 veteres
542 2273 656 2332 tellure
671 2272 806 2331 recludit

85 2369 262 2445 thesauros,
277 2369 421 2447 ignotum
435 2369 557 2446 argenti
573 2370 695 2447 pondus
710 2374 742 2429 et
756 2369 833 2428 auri.

86 2460 150 2527 His
165 2472 321 2528 commota
335 2469 443 2544 fugam
458 2466 542 2528 Dido
557 2467 718 2543 sociosque
729 2467 870 2544 parabat.
955 2482 999 2540 360

87 2564 297 2639 Conveniunt,
313 2564 427 2643 quibus
442 2569 497 2623 aut
512 2563 619 2624 odium
632 2563 758 2622 crudele
772 2564 903 2641 tyranni

86 2668 143 2722 aut
157 2666 261 2721 metus
276 2680 346 2722 acer
361 2666 448 2736 erat;
470 2660 569 2736 navis,
586 2678 664 2738 quae
680 2660 763 2720 forte
778 2666 915 2736 paratae,

87 2757 263 2836 corripiunt
277 2763 470 2835 onerantque
484 2774 567 2818 auro.
611 2757 783 2816 Portantur
798 2757 886 2816 avari

86 2854 306 2934 Pygmalionis
321 2872 397 2932 opes
411 2854 541 2931 pelago;
563 2853 628 2912 dux
643 2853 763 2912 femina
776 2853 864 2913 facti.

87 2953 252 3011 Devenere
265 2951 359 3025 locos,
375 2950 429 3011 ubi
444 2969 527 3010 nunc
541 2950 684 3028 iugentia
698 2949 800 3010 cernis
958 2966 1000 3023 363

86 3047 213 3108 moenia
227 3054 469 3128 surgentemque
484 3065 588 3109 norae
600 3046 825 3124 Karthaginis
837 3061 965 3111 arcem,
