2160 3434
152 233 171 295 6
502 245 713 297 1111111100.

153 416 318 494 Adparent
332 416 395 476 rari
408 423 521 477 nantes
536 418 570 476 in
586 418 708 494 gurgite
724 424 823 492 vaste,

152 531 239 573 arma
253 514 356 572 virum
370 514 557 592 tabulaeque
572 520 604 574 et
620 515 712 574 Troia
728 533 804 590 gaza
818 534 874 593 per
888 517 996 575 undas.

153 610 222 669 Iam
237 610 374 669 validam
389 610 504 670 Ilionei
519 629 639 685 navem,
656 611 717 670 1011
734 611 827 670 fortis
841 611 993 686 Achatae,
1018 641 1059 674 120

153 713 184 766 et
200 725 261 784 qua
276 711 384 766 vectus
399 706 496 781 Abas,
512 713 543 766 et
559 725 621 784 qua
635 708 828 783 grandaevus
844 709 964 783 Aletes,

152 803 229 863 vicit
243 803 345 863 hiems
355 802 369 878 ;‘
385 803 467 863 laxis
482 804 617 863 laterum
632 805 832 881 compagibus
848 824 955 865 omnes

153 899 311 978 accipiunt
327 899 489 960 inimicum
504 899 636 960 imbrem
650 901 800 979 rimisque
815 901 990 967 fatiscunt.¹

269 1077 390 1135 Neptune
401 1077 483 1125 scolda
494 1078 535 1125 the
547 1079 630 1125 winda
641 1079 695 1125 aad
707 1078 790 1136 011010
803 1078 843 1126 the
854 1084 941 1126 storm.

195 1193 322 1253 Interea
335 1212 447 1270 magno
463 1192 587 1253 misceri
601 1212 759 1253 murmure
774 1199 905 1272 pontum

154 1289 362 1367 emissamque
377 1289 514 1350 hiemem
528 1290 627 1350 sensit
641 1291 810 1368 Neptunus
826 1297 858 1351 et
873 1291 944 1351 imis
1019 1318 1058 1366 125

154 1391 266 1463 stagna
280 1386 388 1446 refusa
401 1386 500 1462 vadis,
516 1387 654 1464 graviter
669 1393 859 1462 commotus;
882 1394 914 1447 et
928 1387 993 1447 alto

154 1482 349 1561 prospiciens
364 1501 486 1543 summa
499 1484 657 1562 placidum
673 1490 767 1562 caput
782 1485 897 1544 extulit
912 1485 1004 1543 unda

155 1579 327 1639 Disiectam
341 1580 467 1640 Aeneae
481 1586 549 1640 toto
563 1580 651 1639 videt
665 1599 798 1657 aequore
814 1581 954 1655 classem,

154 1675 302 1736 fluctibus
317 1694 481 1754 oppressos
496 1677 593 1736 Troas
608 1675 749 1754 caelique
764 1677 871 1736 ruina:

155 1791 211 1833 nec
226 1772 346 1846 latuere
360 1773 426 1833 doli
440 1773 573 1833 fratrem
587 1773 719 1833 Iunonis
734 1779 767 1833 et
781 1773 854 1833 irae.
1020 1804 1061 1850 130

155 1868 273 1928 Eurum
303 1869 343 1929 ad
378 1887 410 1929 se
441 1870 682 1947 Zephyrumque
712 1875 811 1944 vocat,
842 1869 955 1930 dehinc
983 1871 1062 1932 talia

209 1989 211 1992 ’
235 1965 338 2025 fatur:

197 2064 355 2122 ‘Tantane
370 2081 426 2122 vos
443 2063 566 2140 generis
581 2063 685 2123 tenuit
700 2062 815 2123 fiducia
830 2063 956 2124 vestri?

156 2160 219 2219 iam
234 2159 354 2219 caelum
368 2164 548 2237 terramque
563 2178 631 2220 meo
646 2160 713 2219 sine
721 2160 865 2242 numine,
880 2161 978 2231 venti,

156 2256 294 2330 11100010,
311 2261 344 2315 01
358 2260 464 2315 tantas
479 2257 602 2316 audetis
618 2257 730 2316 tollere
744 2257 870 2317 moles?
975 2294 979 2301 ·
1021 2287 1060 2332 ¹34

120 2402 126 2412 .
157 2371 234 2430 quos
250 2371 307 2429 ego
317 2353 422 2413 -sed
437 2358 538 2413 motos
553 2359 693 2431 praestat
708 2372 892 2431 componere
907 2354 1038 2414 fluctus:

156 2454 228 2525 post
244 2448 322 2507 mihi
337 2468 400 2508 non
414 2449 512 2509 simili
527 2468 626 2527 poena
640 2451 807 2510 commissa
821 2450 924 2510 luetis.

157 2547 316 2605 Maturate
331 2546 448 2622 fugam,
464 2547 592 2623 regique
611 2546 687 2607 haec
703 2547 798 2606 dicite
814 2553 937 2606 vestro:

156 2660 219 2700 non
234 2641 283 2700 illi
297 2642 464 2720 imperium
479 2643 583 2720 pelagi
599 2661 789 2721 saevumque
805 2643 984 2718 tridentem,

157 2739 212 2797 sed
225 2738 304 2796 mihi
320 2744 403 2798 sorte
418 2739 535 2798 datum.
579 2740 678 2799 Tenet
693 2740 748 2799 ille
762 2739 913 2798 immania
928 2758 1011 2813 saxa,

156 2841 287 2909 vestras,
303 2836 396 2909 Eure,
412 2835 537 2911 domos3
559 2835 616 2895 illa
631 2854 664 2895 00
679 2836 776 2895 100101
790 2835 822 2894 11
838 2836 910 2895 aula
1021 2865 1062 2909 140

156 2930 275 2991 Aeolus
290 2936 322 2991 et
336 2932 442 2992 clauso
458 2938 622 2992 ventorum
637 2950 758 2992 0010010
774 2933 902 3010 regnet!

198 3028 250 3089 Sic
264 3029 318 3104 ait,
335 3034 367 3089 et
381 3030 466 3090 dicto
480 3029 575 3090 citius
590 3029 712 3090 tumida
727 3047 863 3108 aequora
876 3028 990 3109 placat,
