2160 3434
439 298 559 349 LIBER
582 299 606 351 Ι.

62 470 186 530 Idaliae
200 469 297 543 lucos,
311 469 366 529 ubi
381 468 485 528 mollis
501 487 662 529 amaracus
677 469 769 528 illum

62 567 194 627 floribus
208 571 242 626 et
256 566 341 626 dulei
355 565 520 644 adspirans
536 564 756 644 complectitur
770 564 888 625 umbra.

65 774 153 832 Gupid
162 775 261 822 arrives
270 786 300 821 ee
311 774 352 821 the
365 775 437 832 secet
447 775 470 820 is
482 773 639 830 deploratum
656 773 687 819 he
698 774 721 820 is
727 772 838 830 fondled
850 772 881 830 be
892 772 969 831 Dido,

306 848 388 894 whose
399 848 474 894 beart
483 848 514 894 he
526 847 627 895 kindlee
639 852 662 895 to
673 847 734 894 love.

62 956 197 1032 Iamque
211 955 278 1014 ibat
293 955 377 1014 dieto
393 972 507 1032 parens
522 960 554 1013 et
568 955 651 1013 dona
666 954 788 1031 Cupido
928 970 969 1028 695

62 1052 152 1128 regia
165 1052 317 1128 portabat
325 1051 440 1128 Tyriis,
457 1051 535 1110 duce
548 1051 652 1110 laetus
668 1051 797 1110 Achate.

62 1149 145 1210 Cum
158 1148 254 1223 venit,
272 1147 390 1208 aulaeis
406 1148 468 1207 iam
483 1166 516 1207 se
532 1147 640 1224 regina
655 1147 799 1224 superbis

62 1263 159 1304 aurea
172 1245 348 1322 composuit
363 1244 484 1322 sponda
498 1244 696 1322 mediamque
711 1243 846 1320 locavit3

61 1342 128 1402 iam
142 1347 232 1418 pater
245 1343 370 1401 Aeneas
385 1347 417 1400 et
431 1341 494 1400 iam
509 1341 645 1400 Troiana
659 1341 807 1400 iuventus

61 1437 263 1512 conveniunt,
280 1443 443 1515 stratoque
457 1456 551 1516 super
566 1437 776 1497 discumbitur
790 1442 885 1497 ostro
928 1466 970 1510 700

61 1535 151 1594 Dant
172 1533 315 1594 manibus
336 1534 449 1594 famuli
470 1534 626 1613 lymphas,
643 1535 848 1611 Cereremque
870 1534 969 1594 canis·

145 1630 205 1691 tris

61 1727 245 1806 expediunt,
261 1727 424 1804 tonsisque
440 1728 548 1787 ferunt
563 1727 712 1795 mantelia
726 1726 821 1786 villis.

62 1824 302 1905 Quinquaginta
315 1824 402 1884 intus
424 1824 570 1899 famulae,
586 1824 700 1902 quibus
715 1823 825 1883 ordine
839 1823 966 1900 longam

61 1940 139 1981 eura
153 1939 269 1998 penum
283 1925 405 1981 struere
420 1927 453 1981 et
466 1920 602 1981 fiammis
617 1921 741 1982 adolere
756 1921 909 1994 Penates;

61 2023 189 2078 centum
204 2017 284 2077 aliae
299 2018 494 2096 totidemque
509 2037 599 2095 pares
614 2024 719 2078 aetate
734 2017 882 2093 ministri,
927 2045 966 2093 705

61 2114 119 2192 qui
133 2114 266 2192 dapibus
281 2133 405 2175 mensas
421 2120 552 2174 onerent
566 2121 599 2175 et
613 2115 727 2192 pocula
741 2120 868 2191 ponant.

60 2212 131 2271 Nee
144 2229 205 2270 non
222 2216 254 2271 et
268 2211 358 2290 Tyrii
372 2231 428 2291 per
441 2211 554 2271 limina
566 2212 652 2271 laeta
665 2212 848 2289 frequentes

60 2325 245 2383 convenere,
259 2308 339 2368 toris
354 2308 433 2368 iussi
449 2295 645 2368 discumbere
660 2307 763 2385 pictis.

61 2404 221 2464 Mirantur
235 2405 318 2464 dona
331 2406 465 2480 Aeneae,
482 2405 636 2465 mirantur
651 2404 758 2464 Iulum

59 2500 288 2579 flagrantisque
303 2502 355 2561 dei
368 2502 474 2562 voltus
490 2501 700 2579 simulataque
714 2502 810 2562 verba
926 2527 968 2573 710

61 2596 241 2675 pallamque
256 2603 288 2657 et
302 2599 424 2676 pictum
439 2617 546 2659 croceo
561 2598 705 2658 velamen
721 2598 864 2658 acantho.

60 2694 234 2773 Praecipue
249 2695 372 2771 infelix,
389 2695 472 2773 pesti
486 2697 600 2756 devota
614 2696 750 2770 futurae,

61 2791 184 2869 expleri
197 2799 334 2852 mentem
349 2793 460 2870 nequit
474 2791 672 2870 ardescitque
687 2793 805 2852 tuendo

60 2888 245 2963 Phoenissa,
261 2895 293 2949 et
307 2889 427 2967 pariter
441 2907 538 2968 puero
553 2889 706 2968 donisque
721 2894 873 2949 movetur.

61 2985 123 3045 Ille
137 2985 192 3046 ubi
206 2987 372 3064 complexu
386 2989 513 3047 Aeneae
528 2987 671 3065 colloque
685 2987 837 3065 pependit
925 3012 969 3059 us

61 3087 95 3142 et
109 3100 254 3160 magnum
268 3083 345 3145 falsi
358 3083 510 3166 implevit
525 3084 684 3166 genitoris
697 3103 859 3155 amorem,
