2160 3434
450 213 570 263 LIBER
592 213 617 263 1.

83 385 293 461 collectasque
308 384 399 460 fugat
414 383 512 443 nubes
527 383 688 460 solemque
703 381 832 442 reducit.

84 481 258 560 Cymothoe
273 481 368 540 simul
383 486 415 539 et
429 480 540 538 Triton
556 480 691 539 adnixus
707 485 799 539 acuto

83 579 258 639 detrudunt
272 577 361 637 navis
377 576 505 654 scopulo
514 599 522 652 ;
544 576 630 636 levat
645 577 712 654 ipse
726 575 860 635 tridenti
949 603 988 650 ¹45

84 681 117 735 et
131 678 237 734 vastas
252 674 354 752 aperit
369 673 466 751 syrtis
482 679 514 733 et
528 678 684 752 temperat
698 691 823 750 aequor,

84 777 179 850 atque
195 771 272 830 rotis
288 788 426 830 summas
441 770 563 830 levibus
580 769 754 848 perlabitur
767 769 879 830 undas.

83 869 132 928 Ac
146 867 246 928 veluti
261 886 374 944 magno
389 867 423 925 in
436 866 553 945 populo
568 885 638 926 oum
653 884 745 944 saepe
760 872 867 926 coorta
881 872 930 926 est

85 965 209 1039 seditio,
225 964 388 1041 saevitque
405 964 518 1024 animis
534 963 672 1041 ignobile
686 963 807 1040 volgus,

85 1062 211 1139 iamque
220 1062 306 1121 faces
314 1066 346 1121 et
356 1061 556 1135 saxavolant,
568 1061 657 1120 furor
666 1079 753 1120 arma
762 1059 937 1119 ministrat:
950 1087 991 1134 150

85 1164 154 1218 tum
169 1158 287 1237 pietate
302 1176 430 1234 gravem
444 1176 479 1216 ac
494 1157 616 1217 meritis
635 1156 662 1216 si
680 1156 763 1216 forte
778 1156 881 1216 virum
897 1174 990 1234 quem

86 1272 285 1332 conspexere,
301 1254 397 1314 silent
411 1253 603 1331 arrectisque
621 1252 748 1313 auribus
763 1253 908 1327 adstant;

86 1352 142 1411 ille
157 1351 239 1428 regit
252 1351 346 1411 dictis
361 1351 491 1424 animos,
506 1355 539 1409 et
553 1355 680 1427 pectora
694 1350 827 1410 mulcet:

86 1449 132 1508 sic
149 1453 280 1508 cunctus
296 1447 400 1525 pelagi
414 1447 528 1508 cecidit
542 1447 658 1522 fragor,
673 1465 810 1525 aequora
823 1452 991 1525 postquam

86 1544 282 1624 prospiciens
297 1544 420 1620 genitor
434 1544 583 1621 caeloque
599 1543 743 1604 invectus
759 1548 868 1621 aperto
951 1570 990 1618 155

87 1641 188 1702 flectit
202 1659 299 1719 equos
314 1659 470 1718 curruque
484 1640 594 1700 volans
609 1640 664 1699 dat
678 1640 747 1701 lora
759 1641 908 1701 secundo.

135 1814 185 1862 The
200 1814 308 1872 Trojorrs
319 1814 382 1861 land
392 1815 421 1860 in
431 1826 448 1860 α
458 1813 583 1861 sbcltered
592 1819 647 1871 spot
658 1814 712 1860 aad
717 1825 827 1872 prepare
839 1826 855 1860 o
866 1814 942 1861 mccl.

130 1930 258 1992 Defessi
271 1931 449 2006 Aeneadae,
465 1949 545 2009 quae
560 1930 705 2008 proxima
719 1930 822 2006 litora,
838 1949 932 1991 cursu

89 2029 284 2089 contendunt
298 2032 416 2106 petere,
432 2032 464 2087 et
479 2027 598 2105 Libyae
613 2032 781 2088 vertuntur
795 2028 836 2087 ad
850 2046 929 2088 oras.
943 2068 945 2073 ν

89 2126 149 2185 Est
164 2125 198 2183 in
212 2142 336 2184 secessu
350 2124 444 2201 longo
458 2124 563 2183 locus:
585 2124 690 2183 insula
703 2129 828 2201 portum

89 2221 185 2282 efficit
199 2221 325 2281 obiectu
338 2221 482 2294 laterum,
499 2220 612 2297 quibus
628 2221 729 2279 omnis
744 2220 784 2280 ab
798 2221 864 2283 alto
954 2238 995 2282 160

90 2318 249 2395 frangitur
263 2318 359 2396 inque
374 2318 462 2377 sinus
477 2317 594 2377 scindit
609 2335 677 2377 sese
692 2317 946 2401 undareductos.

90 2415 177 2475 Hinc
191 2420 286 2491 atque
300 2414 375 2473 hino
389 2418 497 2473 vastae
514 2432 606 2491 rupes
622 2413 801 2492 geminique
816 2415 978 2475 minantur
1018 2448 1023 2458 ·

90 2511 124 2570 in
138 2512 259 2572 caelum
274 2510 403 2589 scopuli,
419 2529 553 2588 quorum
567 2510 626 2570 sub
641 2511 758 2571 vertice
773 2511 837 2571 late
1037 2500 1044 2515 ’

89 2626 226 2686 aequora
240 2613 312 2667 tuta
325 2608 437 2667 silent:
459 2612 528 2667 tum
543 2606 634 2668 silvis
649 2626 762 2668 scaena
774 2608 911 2669 coruscis
955 2625 996 2682 ¹⁶4

90 2703 225 2782 desuper
238 2703 442 2781 horrentique
457 2709 560 2764 atrum
575 2723 686 2764 nemus
706 2704 851 2764 imminet
865 2705 994 2780 umbra3

90 2800 197 2860 fronte
210 2801 268 2861 sub
283 2800 415 2860 adversa
429 2801 568 2879 scopulis
583 2800 793 2878 pendentibus
808 2806 944 2877 antrum,

91 2897 177 2957 intus
191 2916 291 2975 aquae
306 2897 414 2957 dulces
428 2897 565 2976 vivoque
580 2897 693 2958 sedilia
708 2916 792 2974 saxo,

91 2993 302 3073 nympharum
317 2994 443 3054 domus:
465 2993 517 3054 hic
531 2994 633 3055 fessas
646 3012 711 3054 non
725 2994 852 3055 vincula
866 2995 957 3056 navis
