2160 3434
97 294 138 360 30
331 368 333 372 ¹
444 304 655 356 Asuumos.

95 479 235 556 reginam
251 476 341 555 petit.
385 476 472 535 Haec
488 473 596 548 oculis,
611 472 688 533 haec
702 477 828 552 pectore
841 477 910 533 toto

95 576 204 636 haeret
219 582 251 635 et
266 572 426 633 interdum
440 571 558 648 gremio
573 570 670 645 fovet,
686 570 784 629 inscia
799 569 891 644 Dide,

94 673 230 732 insideat
246 675 382 748 quantus
399 668 528 728 miserae
544 668 629 727 deus.
672 665 717 726 At
732 685 851 725 memor
864 666 918 726 ille

95 771 205 830 matris
220 767 383 828 Acidaliae
400 763 552 842 paulatim
567 763 691 823 abolere
708 762 883 841 Sychaeum
960 790 1004 836 720

94 867 215 945 incipit,
232 872 263 926 et
279 867 351 924 vivo
367 866 503 940 temptat
517 867 715 939 praevertere
730 878 834 919 amore

95 964 157 1024 iam
171 964 293 1042 pridem
309 961 425 1021 resides
441 958 561 1018 animos
576 959 768 1034 desuetaque
783 957 884 1016 corda.

98 1142 147 1190 The
159 1144 232 1200 secet
250 1155 317 1198 over,
330 1142 397 1188 Dido
410 1141 497 1189 makes
514 1141 636 1187 libatione
648 1145 671 1186 to
681 1140 796 1197 Jupiter,
808 1139 937 1196 Bacchus,
948 1139 1003 1185 aad

153 1217 231 1273 June,
242 1219 358 1274 propinq
370 1216 426 1262 thot
439 1216 479 1262 tte
494 1215 698 1272 Ocrttapinians
710 1214 763 1260 aad
780 1213 888 1270 Troiana
898 1226 960 1271 may
972 1213 1001 1259 be

153 1291 242 1338 linkout
252 1293 281 1337 in
288 1303 372 1348 peace.
1033 1345 1045 1370 s

135 1398 308 1476 Postquam
317 1398 418 1475 prima
431 1397 519 1475 quies
533 1396 643 1474 epulis,
654 1413 841 1472 mensaeque
851 1400 1000 1470 remotae,
1008 1359 1033 1413 L!

93 1501 231 1556 craterus
246 1514 373 1571 magnos
391 1499 534 1553 statuunt
549 1500 581 1552 et
595 1493 670 1552 vina
684 1497 842 1553 coronant.

94 1593 127 1652 It
141 1592 292 1669 strepitus
307 1590 400 1651 tectis
418 1609 587 1667 vocemque
603 1609 659 1667 per
673 1591 779 1667 ampla
792 1590 937 1649 volutant
960 1617 1000 1666 723

93 1690 192 1764 atria3
215 1689 393 1766 dependent
410 1687 518 1764 lychni
534 1686 733 1765 laquearibus
748 1686 851 1746 aureis

93 1786 223 1861 incensi,
239 1791 271 1844 et
286 1791 408 1844 noctem
423 1783 557 1843 flammis
572 1784 694 1844 funalia
707 1785 846 1844 vincunt.

94 1883 158 1942 Hic
173 1883 280 1959 regina
295 1901 421 1960 gravem
437 1883 568 1958 gemmis
584 1902 721 1960 auroque
736 1881 879 1960 poposcit

94 1979 302 2057 implevitque
318 1998 402 2039 mero
419 1986 568 2058 pateram,
587 1999 680 2057 quam
694 1980 790 2038 Belus
806 1984 837 2038 et
851 1998 960 2039 omnes

93 2076 204 2136 aBelc
219 2077 321 2152 scliti3
345 2082 414 2135 tum
428 2077 515 2136 facta
530 2077 657 2136 silentia
672 2076 781 2135 tectis:
961 2104 1003 2152 730

94 2181 104 2210 ‘
113 2174 266 2251 Iuppiter,
282 2173 461 2251 hospitibus
478 2193 550 2233 nam
564 2179 597 2233 te
613 2174 686 2232 dare
703 2173 770 2232 iura
784 2173 966 2251 loquuntur,

93 2273 178 2331 hunc
192 2271 311 2330 laetum
328 2271 496 2348 Tyriisque
512 2271 595 2330 diem
611 2270 766 2347 Troiaque
781 2269 932 2347 profectis

92 2387 163 2428 esse
179 2368 268 2442 velis
286 2363 472 2445 nostrosque
487 2367 580 2426 huius
596 2367 775 2426 meminisse
791 2366 934 2426 minores.

93 2464 190 2525 Adsit
205 2464 345 2523 laetitiae
362 2464 504 2524 Bacchus
520 2465 611 2525 dator
625 2470 656 2523 et
671 2465 752 2523 bona
767 2464 865 2539 Iun03

93 2567 127 2621 et
141 2579 206 2636 vos,
223 2580 241 2620 c
256 2567 387 2636 coetum,
405 2561 503 2639 Tyrii,
520 2561 674 2622 celebrate
689 2562 843 2621 faventes
961 2587 1000 2636 735

94 2740 179 2798 Iopas,
196 2741 236 2788 the
251 2741 377 2796 minstrel,
397 2741 488 2787 etanta
505 2746 529 2786 to
546 2741 587 2786 hic
609 2740 663 2797 ipre
681 2752 757 2797 sonps
771 2709 802 2797 os
814 2706 1003 2786 'astronomiccl

154 2816 207 2862 ced
217 2815 337 2873 physica!
348 2816 408 2861 lore.
437 2815 568 2871 Appianae
578 2816 631 2861 aad
642 2815 826 2861 corioercotiop.
855 2812 924 2859 Dido
940 2813 1002 2859 celos

153 2890 307 2947 Aeneasfcr
318 2890 439 2946 nientorp
452 2887 543 2947 [which
554 2891 577 2936 ic
588 2889 640 2936 told
651 2891 679 2935 in
690 2888 775 2934 Boolcs
785 2888 823 2934 11.
836 2889 889 2934 and
899 2884 972 2945 ΙΙΙ.].

95 2997 196 3072 Dixit,
212 3002 244 3057 et
258 2997 290 3055 in
307 3015 447 3055 mensam
461 2995 591 3054 laticum
606 2995 719 3055 libavit
733 2995 891 3068 honorem,

76 3093 261 3169 primaque,
277 3093 388 3169 libato,
404 3110 528 3153 summo
542 3097 637 3153 tenus
651 3091 761 3169 attigit
774 3110 846 3166 cre,
