2160 3434
430 260 549 311 11111
571 260 596 312 1.
949 245 969 309 9

62 450 193 511 corpora
220 430 336 491 fundat
363 427 452 490 humi
480 435 512 490 et
540 447 706 488 numerum
735 448 807 490 cum
834 427 968 488 navibus

145 533 266 606 aequet.

64 626 150 686 Hinc
164 630 291 702 portum
304 623 395 702 petit,
411 629 444 684 et
457 622 557 683 socios
573 622 710 701 partitur
724 623 759 681 in
772 622 883 682 omnis.

63 723 148 784 Vina
162 722 261 781 bonus
277 740 356 798 quae
371 720 484 781 deinde
499 719 584 780 cadis
599 725 745 780 onerarat
759 720 891 779 Acestes
929 745 968 793 195

63 819 157 878 litore
173 816 335 877 Trinacrio
350 818 540 895 dederatque
555 815 743 877 abeuntibus
758 815 861 890 heros,

64 914 181 975 dividit
195 919 227 975 et
242 913 336 974 dictis
352 914 524 974 maerentia
537 919 666 991 pectora
679 912 814 989 mulcet:

66 1018 75 1049 ‘
83 1011 110 1073 Ο
125 1011 210 1086 socii,
226 1029 328 1088 neque
343 1011 427 1070 enim
441 1010 543 1087 ignari
558 1029 666 1070 sumus
681 1016 754 1070 ante
769 1010 931 1083 malorum,
951 979 1006 1057 ι(

64 1108 183 1187 opassi
198 1107 349 1185 graviora,
365 1107 453 1166 dabit
467 1107 544 1167 deus
559 1106 609 1167 his
626 1125 749 1185 quoque
765 1106 871 1165 finem.

64 1206 130 1267 Vos
145 1210 177 1265 et
193 1203 368 1282 Scyllaeam
383 1204 502 1264 rabiem
517 1204 707 1281 penitusque
722 1203 864 1263 sonantis
928 1231 971 1263 200

65 1301 198 1362 accestis
214 1300 369 1379 scopulos,
384 1319 440 1360 vos
455 1306 488 1360 et
503 1300 659 1378 Cyclopea
673 1318 750 1360 saxa

65 1397 207 1476 experti:
229 1403 373 1458 revocate
389 1397 518 1471 animos,
534 1402 750 1474 maestumque
764 1397 909 1457 timorem

65 1495 203 1554 mittite·
196 1472 332 1602 Ἰ[101011
348 1500 380 1554 01
394 1494 471 1554 haec
485 1494 560 1554 olim
576 1494 757 1554 meminisse
771 1494 901 1555 iuvabit.

64 1593 128 1652 Per
141 1609 245 1651 varios
260 1608 360 1664 casus,
377 1609 432 1669 per
446 1596 495 1651 tot
510 1590 693 1651 discrimina
706 1610 811 1650 rerum

64 1688 249 1750 tendimus
241 1707 275 1746 m
290 1688 426 1763 Latium,
441 1688 530 1748 sedes
546 1686 600 1747 ubi
615 1686 684 1747 fata
698 1687 822 1765 quietas
929 1716 970 1764 205

66 1787 255 1862 ostendunt3
277 1785 344 1846 illic
359 1784 409 1844 fas
425 1802 521 1861 regna
534 1802 697 1860 resurgere
713 1783 833 1845 Troiae.

66 1885 196 1958 Durate,
212 1888 245 1943 et
259 1887 381 1942 vosmet
395 1882 488 1942 rebus
502 1885 626 1941 servate
641 1880 806 1941 secundis!

71 1928 199 2082 <Talia
214 1999 290 2041 voce
305 1950 575 2056 refertbcurisque
589 1976 770 2055 ingentibus
785 1996 876 2056 aeger

69 2100 157 2160 spem
171 2080 261 2140 voltu
277 2078 414 2153 simulat,
430 2074 547 2156 premit
562 2074 663 2135 altum
677 2075 769 2135 corde
783 2076 930 2135 dolorem.

68 2178 123 2238 Illi
139 2196 172 2237 se
187 2176 321 2255 praedae
337 2174 505 2252 accingunt
521 2170 717 2251 dapibusque
731 2171 866 2231 futuris:
931 2202 974 2233 κιο

68 2279 195 2352 tergora
209 2273 369 2351 deripiunt
386 2272 482 2332 costis
498 2276 531 2331 et
544 2269 665 2331 viscera
678 2269 808 2343 nudant,

68 2390 141 2450 pars
156 2371 190 2429 in
205 2370 309 2430 frusta
324 2374 431 2429 secant
445 2368 633 2446 veribusque
647 2367 816 2425 trementia
828 2365 938 2444 figunt,

68 2468 162 2528 litore
177 2473 256 2527 aena
269 2467 375 2526 locant
390 2465 445 2525 alii
461 2464 664 2542 flammasque
679 2462 871 2523 ministrant.

70 2565 151 2623 Tum
165 2564 254 2623 victu
268 2567 416 2622 revocant
430 2561 522 2635 vires,
539 2561 667 2639 fusique
681 2578 738 2638 per
751 2559 879 2620 herbam

986 1282 995 1315 ί

68 2661 243 2738 implentur
257 2659 374 2719 veteris
389 2658 507 2718 Bacchi
522 2657 711 2737 pinguisque
727 2657 855 2717 ferinae.
932 2685 973 2732 215

68 2758 240 2834 Postquam
252 2761 399 2834 exempta
407 2755 508 2815 fames
518 2755 620 2833 epulis
631 2771 818 2831 mensaeque
826 2758 972 2828 remotae,

69 2853 203 2913 amissos
217 2854 312 2929 longo
326 2852 427 2912 socios
442 2870 584 2912 sermone
599 2851 765 2928 requirunt

68 2968 220 3028 spemque
234 2954 415 3026 metumque
430 2948 514 3007 inter
528 2947 626 3021 dubii,
643 2942 698 3006 scu
712 2947 818 3006 vivere
833 2947 964 3007 credant
1027 3020 1030 3026 1

69 3046 137 3106 sive
151 3050 292 3106 extrema
305 3045 373 3123 pati
387 3063 444 3104 nec
458 3044 522 3103 iarn
536 3043 689 3104 exaudire
699 3048 849 3102 necatos,
944 3064 947 3069 ·
