2160 3434
128 261 150 325 4
360 340 363 346 Ι
478 270 687 324 Aruernos.

129 451 161 505 et
175 463 317 524 premere
331 450 364 505 et
378 444 467 504 laxas
482 444 577 504 sciret
592 444 666 503 dare
681 443 785 503 iussus
800 443 945 503 habenae.

129 541 180 600 Ad
195 561 288 619 quem
303 547 372 601 tum
387 541 467 600 Iuno
482 541 617 618 supplex
631 540 680 600 his
695 539 825 599 vocibus
841 557 899 598 usa
913 545 978 599 est:

171 639 291 714 ‘Aeole‚
309 657 443 716 namque
457 637 518 697 tibi
533 637 641 697 divom
656 642 747 714 pater
762 641 856 713 atque
871 636 1035 696 hominum

210 755 266 794 rex
1009 749 1035 806 ⁶5

127 839 160 892 et
175 832 312 892 mulcere
327 831 416 892 dedit
429 831 543 892 fluctus
558 831 715 891 attollere
731 836 833 904 vento,

128 947 203 1006 gens
219 929 347 990 inimica
360 929 440 988 mihi
455 928 653 1007 Tyrrhenum
668 927 797 1003 navigat
811 945 935 1003 aequor,

127 1026 223 1086 Ilium
239 1025 274 1084 in
287 1026 415 1086 Italiam
430 1031 558 1104 portans
573 1024 736 1101 victosque
752 1024 903 1083 Penates:

127 1123 233 1183 incute
248 1123 313 1181 vim
327 1123 431 1182 ventis
446 1122 685 1200 submersasque
700 1121 796 1180 obrue
811 1139 941 1198 puppea

127 1225 182 1280 aut
196 1238 252 1296 age
267 1219 408 1279 diversos
423 1225 456 1279 et
469 1217 568 1278 disice
582 1236 712 1297 corpora
724 1223 830 1296 ponto.
1010 1244 1036 1285 70

74 1384 83 1407 ἱ
128 1316 209 1376 Sunt
222 1315 303 1375 mihi
317 1316 365 1376 bis
381 1322 503 1394 septem
519 1314 694 1395 praestanti
709 1333 838 1393 corpore
854 1313 1019 1393 nymphae,

127 1432 268 1492 quarum,
285 1432 364 1492 quae
379 1413 483 1474 forma
496 1412 709 1492 pulcherrima
724 1411 873 1490 Deiopea,

127 1510 259 1571 conubio
274 1509 402 1586 iungam
417 1509 524 1570 stabili
539 1508 761 1587 propriamque
777 1508 906 1590 dicabo,

6 1662 10 1669 .
92 1658 96 1671 .
127 1607 228 1667 omnis
243 1612 280 1666 ut
294 1612 399 1666 tecum
412 1605 534 1666 meritis
550 1624 607 1684 pro
623 1605 741 1665 talibus
756 1623 853 1664 annos

55 1710 63 1723 '
127 1704 235 1781 exigat
249 1709 281 1763 et
295 1703 427 1782 pulchra
441 1702 539 1763 faciat
553 1707 586 1762 te
601 1702 688 1780 prole
706 1706 886 1787 parentem
897 1704 912 1743 -’
1011 1727 1035 1776 75

167 1800 285 1859 Aeolus
300 1800 377 1860 haec
393 1805 516 1859 contra:
543 1800 686 1874 ‘Tuuso
702 1800 819 1877 regina,
836 1799 912 1876 quid
926 1803 1025 1876 optes

127 1897 290 1976 explorare
305 1897 410 1971 labor3
433 1881 512 1954 milri
527 1895 614 1956 iussa
629 1915 790 1974 capessere
805 1896 855 1955 ias
870 1901 927 1955 est.

129 1996 177 2054 Tu
188 1994 266 2052 mihi
278 1994 495 2072 quodcumque
505 1992 564 2052 hoc
576 1993 674 2069 regni,
685 1999 720 2052 tu
732 1998 855 2071 sceptra
866 1992 1037 2069 Iovemque

128 2091 285 2165 concilias,
301 2096 336 2150 tu
351 2091 406 2150 das
420 2088 523 2166 epulis
540 2089 721 2149 accumbere
738 2089 854 2164 divum,

129 2188 367 2265 nimborumque
381 2185 462 2246 facis
479 2191 765 2264 tempestatumque
781 2187 960 2265 potentem!
1011 2201 1038 2246 80

171 2286 258 2344 Haeo
273 2283 326 2343 ubi
340 2284 433 2358 dicta,
450 2301 563 2344 cavum
578 2301 728 2344 conversa
741 2284 870 2362 cuspide
885 2289 1023 2343 montem

130 2381 258 2458 impulit
273 2380 421 2440 inlatus:
445 2399 481 2441 ac
498 2380 594 2455 venti,
611 2379 699 2440 velut
713 2381 838 2457 agmine
852 2381 945 2455 facto,

132 2498 193 2557 qua
207 2478 282 2537 data
295 2483 394 2555 porta,
411 2483 509 2538 ruunt
525 2483 557 2537 et
571 2482 671 2538 terras
685 2478 811 2538 turbine
826 2477 969 2556 perflant.

131 2576 304 2634 Incubuere
318 2574 406 2648 mari,
424 2579 589 2652 totumque
603 2593 622 2634 a
636 2574 762 2634 sedibus
777 2573 849 2633 imis

131 2692 193 2732 una
204 2673 371 2749 Eurusque
384 2672 552 2750 Notusque
563 2677 659 2730 ruunt
670 2672 838 2748 creberque
849 2668 996 2748 procellis
1012 2683 1038 2744 85

132 2770 270 2844 Africus,
286 2772 319 2829 et
333 2772 441 2828 vastos
455 2767 588 2827 volvunt
604 2768 644 2827 ad
657 2767 753 2828 litora
765 2765 889 2826 fluctus.

133 2865 316 2945 Insequitur
332 2865 510 2942 clamorque
524 2864 627 2923 virum
641 2863 819 2941 stridorque
835 2862 1011 2923 rudentum.

133 2963 283 3041 Eripiunt
297 2961 401 3022 subito
415 2961 513 3021 nubes
529 2960 711 3038 caelumque
726 2960 872 3037 diemque

128 3062 323 3117 Teucrorum
340 3078 379 3118 ex
393 3058 509 3135 oculis3
531 3064 628 3135 ponto
642 3076 706 3117 nox
720 3056 848 3117 incubat
861 3061 938 3117 atra.
