2160 3434
141 242 161 304 2
488 253 699 307 Aruernos.

141 427 230 501 ostia,
247 426 336 486 dives
351 443 445 504 opum
461 426 638 504 studiisque
654 427 826 504 asperrima
840 428 932 504 belli;

140 543 234 601 quam
249 523 330 582 Iuno
345 522 448 582 fertur
462 522 555 583 terris
571 524 670 599 magis
686 523 831 583 omnibus
846 544 940 585 unam
1018 553 1042 600 15

139 620 321 698 posthabita
335 619 468 679 coluisse
486 620 594 678 Samo:
617 619 669 679 hic
683 620 771 679 illius
786 639 880 695 arma,

138 717 190 776 hio
206 735 315 776 currus
330 716 412 792 fuit3
436 715 495 776 hoc
508 708 640 808 regnum
654 717 714 776 dea
728 717 873 802 gentibus
888 738 965 789 esse,

139 813 167 873 si
181 832 244 892 qua
257 813 326 873 fata
341 813 455 887 sinant,
472 812 536 872 iam
551 818 620 871 tum
633 812 800 897 tenditque
814 814 973 892 fovetque.

138 911 326 987 Progeniem
340 910 397 970 sed
411 909 495 969 enim
511 909 646 970 Troiano
659 929 680 970 a
695 911 849 987 sanguine
864 913 935 972 duci

138 1007 290 1084 audierat,
307 1007 419 1087 Tyrias
436 1006 511 1066 olim
527 1025 607 1084 quae
622 1013 760 1067 verteret
772 1027 878 1088 aroes3
1014 1039 1043 1070 20

138 1104 212 1165 hinc
226 1106 378 1184 populum
393 1104 456 1163 late
474 1123 579 1181 regem
593 1104 739 1182 belloque
753 1106 922 1183 superbum

92 1260 110 1273 ,,
137 1208 305 1262 venturum
320 1201 442 1262 excidio
457 1201 593 1280 Libyae:
615 1201 661 1262 sic
677 1202 802 1262 volvere
816 1203 939 1263 Parcas.

138 1298 178 1358 Id
192 1305 335 1359 metuens
351 1299 530 1376 veterisque
544 1316 665 1358 memor
679 1298 827 1360 Saturnia
841 1300 927 1374 belli,

137 1395 239 1473 prima
253 1396 337 1475 quod
352 1395 399 1472 ad,
406 1396 533 1455 Troiam
547 1414 604 1474 pro
617 1395 698 1456 caris
713 1402 852 1472 gesserat
867 1397 979 1474 Argis:

137 1493 319 1552 -necdum
334 1491 430 1551 etiam
445 1510 556 1552 causae
571 1491 688 1552 irarum
703 1492 850 1569 saevique
866 1493 989 1554 dolores
1015 1522 1040 1569 ²5

137 1589 319 1649 exciderant
334 1588 456 1664 animo;
479 1593 586 1648 manet
600 1587 666 1648 1111
680 1593 785 1647 mente
800 1594 961 1665 repostum

137 1685 289 1746 iudicium
303 1685 428 1745 Paridis
444 1690 628 1763 spretaeque
643 1683 760 1744 iniuria
774 1684 902 1759 formae,

137 1788 169 1843 et
183 1802 280 1859 genus
296 1782 443 1856 invisum,
460 1787 492 1841 et
506 1781 589 1859 rapti
605 1781 798 1860 Ganymedis
813 1781 947 1842 honores
958 1806 964 1842 :
975 1819 1014 1831 -

136 1879 187 1938 his
202 1897 333 1938 accensa
349 1897 443 1956 super
458 1877 590 1937 iactatos
605 1896 739 1954 aequore
754 1883 821 1938 toto

137 1976 243 2049 Troas,
259 1974 411 2052 reliquias
426 1975 572 2035 Danaum
586 1980 681 2051 atque
697 1974 828 2034 immitis
844 1975 973 2052 Achilli,
1013 2007 1041 2053 30

135 2071 261 2131 arcebat
275 2070 367 2147 longe
382 2071 484 2145 Latio,
500 2070 679 2148 multosque
694 2089 750 2148 per
765 2089 862 2131 annos

136 2169 281 2228 errabant
296 2167 359 2227 acti
374 2168 451 2228 fatis
466 2167 566 2226 maria
579 2167 684 2226 omnia
698 2167 831 2228 circum:

135 2270 243 2325 tantae
258 2263 351 2325 molis
366 2269 434 2325 erat
448 2264 623 2324 Romanam
637 2265 769 2325 condere
784 2272 917 2342 gentem.

135 2458 185 2507 She
197 2458 285 2517 chosec
295 2462 320 2506 to
331 2457 406 2506 11111111
417 2457 474 2505 that
481 2458 594 2506 whereas
602 2448 693 2506 Pullus
704 2459 756 2506 had
766 2461 900 2519 destroyed
908 2461 949 2508 the
959 2460 1039 2509 Greek

188 2533 263 2666 ,ξῖζὶιῶ
270 2532 322 2588 she,
330 2532 371 2580 the
382 2544 464 2606 queen
473 2533 505 2591 of
512 2532 553 2580 the
568 2531 643 2590 Gods,
652 2533 727 2580 could
736 2539 780 2580 not
788 2533 849 2592 keep
860 2535 960 2582 Aeneas
965 2536 1039 2592 from

174 2745 237 2806 Vix
251 2763 269 2806 e
284 2749 455 2822 conspectu
470 2743 593 2804 Siculae
608 2744 732 2805 telluris
748 2744 782 2803 in
796 2745 897 2804 altum

133 2842 205 2902 vela
219 2842 338 2902 dabant
351 2840 428 2902 laeti
442 2846 475 2900 et
489 2859 616 2919 spumas
633 2842 708 2901 salis
724 2859 794 2900 aere
809 2841 951 2916 ruebant,
1011 2868 1037 2918 35

133 2957 204 2999 oum
219 2939 299 2999 Iuno
313 2945 477 3000 aeternum
493 2957 621 2999 servans
637 2938 695 2999 sub
710 2943 835 3016 pectore
850 2938 963 2999 volnus

132 3035 210 3095 haec
224 3053 345 3096 secum:
370 3036 481 3096 ‘Mene
496 3035 622 3114 incepto
638 3033 790 3095 desistere
806 3033 932 3111 victam,
