2160 3434
88 270 129 335 28
435 282 645 337 Aanamcs.

87 459 168 528 nate,
185 454 290 514 Patris
307 454 421 514 summi
436 455 491 532 qui
506 455 571 514 tela
585 456 736 533 Typhoea
751 454 876 530 temnis,
950 473 992 532 ⁶65

87 551 127 610 ad
142 556 173 609 te
188 550 336 628 confugio
351 557 382 610 et
397 552 531 629 supplex
545 558 602 612 tua
616 553 746 612 numina
761 571 862 630 posco

87 649 198 707 Frater
212 654 248 708 ut
263 648 387 707 Aeneas
403 648 515 726 pelago
529 654 602 708 tuus
619 651 724 709 omnia
738 650 854 710 circum

87 744 182 804 litora
197 745 332 805 iactetur
346 745 425 804 odiis
442 746 574 805 Iunonis
590 747 726 820 acerbae,

87 846 162 900 nota
176 842 244 916 tibi,
262 848 293 902 11
308 848 415 901 nostro
432 841 562 901 doluisti
578 861 670 920 saepe
685 842 800 902 dolore.

87 939 180 998 Nunc
195 938 371 998 Phoenissa
387 945 474 998 tenet
489 939 572 998 Dido
587 939 773 1017 blandisque
788 935 930 1000 moratur
951 957 995 1012 670

88 1027 233 1111 vocibus3
257 1042 288 1095 et
303 1055 419 1110 vereor,
437 1054 498 1112 quo
514 1055 546 1094 se
562 1037 697 1096 Iunonia
711 1042 837 1096 vertant

87 1131 243 1210 hospitia3
266 1133 351 1192 haud
366 1137 456 1191 tanto
472 1133 606 1192 cessabit
621 1133 747 1193 cardine
764 1153 877 1194 remm.

87 1229 238 1300 Quocirca
254 1247 363 1306 capere
378 1235 451 1288 ante
467 1229 547 1288 dolis
564 1236 595 1289 et
611 1229 736 1307 cingere
751 1230 878 1290 flamma

87 1326 226 1402 reginam
241 1326 384 1400 meditor,
397 1345 436 1386 ne
451 1346 512 1403 quo
527 1345 561 1386 se
576 1327 703 1387 numine
718 1332 829 1401 mutet,

87 1422 143 1482 sed
157 1441 270 1500 magno
286 1423 411 1482 Aeneae
424 1442 544 1482 mecum
559 1428 704 1483 teneatur
719 1443 832 1484 amore.
950 1441 992 1501 ⁶75

87 1520 155 1590 Qua
175 1520 278 1579 facere
293 1519 326 1577 id
340 1520 452 1597 possis,
468 1526 607 1579 nostram
622 1540 704 1580 nunc
720 1520 826 1598 accipe
841 1525 991 1580 mentem.

87 1616 205 1693 Regius
221 1615 323 1676 accitu
338 1616 403 1675 cari
418 1609 570 1693 genitoris
585 1618 625 1677 ad
639 1618 748 1676 urbem

87 1712 249 1773 Sidoniam
263 1732 342 1790 puer
356 1713 401 1771 ire
416 1719 516 1791 parat,
532 1733 601 1773 mea
614 1713 752 1774 maxima
766 1733 848 1788 cura,

86 1811 167 1869 dona
183 1809 287 1869 ferens
303 1809 414 1888 pelago
429 1815 462 1869 et
476 1809 611 1869 flammis
627 1811 780 1871 restantia
795 1811 923 1886 Troiae;

86 1907 169 1965 hunc
184 1924 240 1983 ego
256 1907 393 1983 sopitum
410 1925 518 1966 somno
534 1926 628 1985 super
644 1907 709 1967 alta
723 1908 862 1986 Cythera
949 1922 994 1969 680

86 2008 142 2063 aut
156 2022 249 2081 super
264 2003 401 2062 ldalium
417 2008 541 2063 sacrata
556 2005 629 2063 sede
644 2006 818 2080 recondam,

86 2118 125 2158 ne
141 2119 203 2177 qua
217 2100 296 2159 scire
312 2101 399 2159 dolos
415 2100 576 2160 mediusve
592 2120 752 2161 occurrere
768 2101 876 2180 possit.

86 2197 134 2255 Tu
149 2196 262 2256 faciem
277 2196 364 2256 illius
380 2202 504 2256 noctem
519 2217 581 2256 non
596 2197 731 2276 amplius
746 2218 841 2258 unam

86 2293 163 2353 11111
179 2293 258 2368 dolo,
276 2300 307 2352 et
323 2299 413 2353 notos
429 2294 519 2371 pueri
535 2314 612 2372 puer
627 2295 722 2354 indue
737 2296 852 2371 voltus,

85 2396 131 2465 ut,
147 2409 217 2450 cum
232 2395 264 2449 11
279 2391 397 2466 gremio
412 2391 545 2469 accipiet
560 2391 735 2452 laetissima
749 2393 832 2452 Dido
949 2406 991 2468 685

85 2486 200 2563 regalis
216 2486 299 2545 inter
315 2505 437 2547 mensas
452 2487 642 2565 laticemque
657 2490 806 2567 Lyaeum,

84 2602 156 2642 cum
172 2583 259 2642 dabit
274 2583 436 2661 amplexus
453 2595 547 2662 atque
562 2586 671 2645 oscula
685 2585 790 2645 dulcia
804 2585 887 2662 figet,

84 2680 243 2739 occultum
259 2680 394 2757 inspires
409 2681 515 2758 ignem
528 2681 685 2760 fallasque
701 2684 840 2742 veneno'

85 2777 181 2836 Paret
196 2777 294 2836 Amor
308 2777 402 2837 dictis
418 2797 507 2838 carae
523 2780 700 2855 genetricis,
716 2785 748 2839 et
762 2780 828 2839 alas

79 2873 174 2932 exuit
188 2878 221 2932 et
236 2893 345 2950 gressu
360 2875 498 2951 gaudens
514 2876 631 2936 incedit
647 2876 719 2935 Iuli.
949 2893 993 2950 690
1019 2889 1024 2895 ’

86 2970 130 3030 At
144 2971 258 3031 Venus
268 2972 404 3032 Ascanio
418 2972 574 3050 placidam
589 2992 645 3050 per
660 2973 797 3033 membra
812 2973 951 3051 quietem

79 3066 211 3142 inrigat,
229 3073 261 3128 et
275 3068 378 3128 fotum
392 3069 511 3147 gremio
526 3070 585 3130 dea
599 3070 685 3130 tollit
699 3070 732 3130 in
748 3071 829 3131 altos
