2160 3434
151 206 170 271 8
498 218 706 271 Aruernos,

148 390 216 449 ulla
230 396 348 464 tenent,
364 408 443 450 unco
459 409 521 449 non
535 389 647 466 alligat
661 407 774 449 ancora
788 407 901 448 morsu.

150 488 223 546 Huc
238 492 360 564 septem
375 487 498 546 Aeneas
514 486 654 546 collectis
669 485 802 545 navibus
818 486 904 545 omni
1015 512 1056 557 170

150 603 189 643 ex
203 601 332 643 numero
348 583 451 658 subit;
473 602 509 642 ac
524 601 636 660 magno
651 582 776 643 telluris
790 601 894 642 amore

150 680 269 756 egressi
285 686 394 758 optata
408 680 573 758 potiuntur
588 681 683 740 Troes
698 678 816 738 harena

149 783 181 836 et
196 777 261 837 sale
276 776 415 837 tabentis
431 782 518 836 artus
534 777 568 835 in
581 775 674 836 litore
689 781 818 854 ponunt.

190 873 237 934 Ac
252 873 389 952 primum
404 873 486 933 silici
506 873 678 933 scintillam
692 872 820 932 excudit
834 871 974 932 Achates

152 971 352 1048 suscepitque
367 971 471 1047 ignem
486 969 573 1029 foliis
588 975 683 1047 atque
699 969 787 1028 arida
801 969 918 1029 circum
1016 996 1054 1044 175

150 1068 344 1127 nutrimenta
358 1067 447 1126 dedit
461 1067 628 1144 rapuitque
643 1066 677 1124 in
691 1065 802 1125 fomite
817 1065 982 1125 flammam.

151 1165 231 1223 Tum
247 1164 391 1224 Cererem
405 1168 583 1241 corruptam
599 1163 692 1222 undis
708 1162 909 1239 Cerealiaque
925 1181 1012 1221 arma

151 1261 323 1338 expediunt
337 1260 416 1319 fessi
430 1278 544 1333 rerum,
560 1259 730 1337 frugesque
746 1265 888 1336 receptas

151 1363 184 1417 et
198 1363 316 1417 torrere
331 1362 445 1434 parant
458 1356 593 1416 flammis
609 1361 641 1416 et
655 1356 801 1431 frangere
817 1374 901 1416 saxo.
1016 1381 1056 1428 179

152 1567 252 1615 Aeaeos
260 1580 313 1615 sees
321 1568 374 1614 oud
384 1567 468 1613 stoota
476 1579 550 1614 seven
558 1571 636 1625 stage,
646 1568 699 1614 aad
707 1579 862 1623 encourages
869 1568 909 1615 bis
916 1567 1055 1622 comrades,

209 1642 264 1688 who
275 1647 344 1689 rooat
355 1643 468 1697 occisore,
481 1642 534 1687 aad
544 1642 613 1700 oster
623 1643 711 1699 eucine
723 1643 743 1688 it
755 1641 843 1688 bewoil
855 1641 922 1688 those
935 1641 988 1688 uto
1004 1641 1057 1688 tud

211 1717 272 1764 teca
283 1716 338 1763 lost.

193 1840 315 1925 Aeneas
330 1839 493 1917 scopulum
507 1837 629 1898 interea
642 1838 824 1898 conscendit
838 1844 869 1898 et
884 1856 1008 1898 omnem

152 1942 352 2015 prospectum
365 1936 430 1996 late
445 1935 556 2013 pelago
570 1935 661 2013 petit,
678 1935 806 1995 Anthea
820 1935 848 1995 si
863 1953 955 2012 quem

151 2034 302 2093 iactatum
316 2039 411 2091 vento
426 2032 533 2092 videat
547 2030 765 2109 Phrygiasque
783 2032 911 2092 biremis

152 2136 207 2190 aut
222 2130 332 2207 Capyn
346 2134 401 2189 aut
415 2129 508 2189 celsis
523 2128 557 2187 in
572 2128 729 2206 puppibus
745 2147 832 2188 arma
846 2128 939 2190 Caici.

151 2228 273 2288 Navem
288 2227 322 2286 in
337 2231 505 2303 conspectu
519 2225 649 2300 nullam,
665 2225 725 2287 tris
739 2224 832 2286 litore
847 2244 955 2286 cervos

151 2323 304 2402 prospicit
320 2323 471 2399 errantis3
494 2322 551 2383 hos
568 2328 636 2383 tota
649 2328 792 2383 armenta
805 2328 980 2401 sequuntur
1016 2336 1055 2396 185

151 2440 170 2481 a
183 2426 281 2497 tergo,
298 2426 330 2480 et
344 2420 472 2497 longum
487 2439 543 2498 per
557 2419 650 2480 vallis
666 2419 807 2497 pascitur
820 2439 941 2496 agmen.

152 2517 304 2579 Constitit
319 2517 379 2590 hio,
396 2535 565 2594 arcumque
581 2535 674 2576 manu
690 2517 870 2594 celeresque
886 2515 1017 2592 sagittas

151 2614 312 2693 corripuit,
333 2612 432 2695 [fidus
448 2632 527 2691 quae
541 2613 607 2672 tela
621 2613 747 2689 gerebat
761 2613 928 2692 Achates]‚

152 2712 359 2788 ductoresque
375 2710 461 2788 ipsos
476 2710 621 2787 primum,
637 2710 742 2788 capita
756 2710 823 2770 alta
836 2708 970 2769 ferentis

152 2808 296 2869 cornibus
309 2807 456 2881 arboreis,
470 2807 602 2882 sternit;
620 2811 689 2866 tum
700 2806 820 2884 volgus,
832 2811 866 2866 et
876 2823 1000 2865 omnem
1017 2832 1058 2877 190

153 2905 264 2965 miscet
277 2923 373 2981 agens
388 2903 461 2964 telis
477 2922 605 2963 nemora
619 2903 702 2962 inter
716 2903 849 2963 frondea
862 2903 1005 2977 turbam3

153 3020 210 3061 nec
224 3001 313 3080 prius
327 2999 464 3075 absistit,
480 3018 573 3077 quam
589 3005 709 3077 septem
724 2998 867 3075 ingentia
881 2999 983 3059 victor
