2160 3434
474 267 595 319 nicea
619 268 644 319 1.
967 254 1007 321 27

96 503 214 553 Achates
223 504 247 550 ic
257 502 410 562 despatched
420 503 468 562 sor
480 502 619 560 Asconius,
631 503 684 550 ond
694 503 801 551 ordered
812 508 836 551 to
848 503 924 562 brino
935 503 1009 561 rocol

427 582 543 635 presente
548 579 596 635 sor
606 577 683 624 Dido.

141 693 314 754 Aeneas—
324 711 425 770 neque
447 693 530 753 enim
546 692 668 771 patrius
683 693 855 753 consistere
870 699 1008 753 mentem

99 809 213 870 passus
222 789 508 868 amor-rapidum
517 790 558 849 ad
567 790 658 850 naris
668 790 845 867 praemittit
853 790 1007 866 Achaten,

97 887 239 949 Ascanio
252 887 337 948 ferat
350 886 437 962 haec,
453 887 619 965 ipsumque
634 888 674 947 ad
688 886 811 947 moenia
826 887 936 964 ducat,
966 904 1007 963 645

98 984 203 1044 omnis
217 983 252 1043 in
265 984 403 1045 Ascanio
418 983 483 1044 cari
498 988 562 1043 stat
577 1002 653 1044 eura
666 984 816 1062 parentis.

98 1082 237 1141 Munera
249 1087 413 1160 praeterea
426 1080 533 1140 Iliacis
549 1086 658 1158 erepta
671 1081 772 1140 ruinis
850 1091 852 1095 ’

99 1179 186 1238 ferre
200 1177 296 1253 iubet,
312 1178 431 1256 pallam
446 1177 546 1254 signis
562 1196 700 1255 auroque
717 1179 871 1254 rigentem

98 1282 134 1335 et
147 1273 391 1335 circumtextum
405 1293 512 1334 croceo
527 1274 670 1333 velamen
685 1275 829 1350 acantho,
920 1341 922 1344 ¹

99 1376 232 1432 ornatus
247 1370 385 1448 Argivae
400 1370 550 1446 Helenae,
565 1390 642 1448 quos
658 1371 715 1431 illa
729 1372 882 1450 MyceniS,
965 1388 1009 1448 ⁶50

99 1469 256 1544 Pergama
269 1486 340 1527 cum
354 1472 476 1546 peteret
492 1467 752 1546 inconcessosque
767 1468 966 1547 hymenaeos,

99 1563 268 1638 extulerat,
284 1563 395 1624 matris
411 1564 515 1623 Ledae
530 1565 674 1624 mirabile
690 1566 823 1641 donum;

98 1663 266 1739 praeterea
280 1662 447 1735 sceptrum,
464 1658 566 1717 Ilione
583 1659 667 1736 quod
681 1665 821 1735 gesserat
835 1658 919 1732 olim,

99 1754 240 1814 maxima
254 1760 400 1814 natarum
413 1754 543 1829 Priami,
560 1755 702 1833 colloque
717 1756 834 1815 monile

98 1852 247 1912 bacatum
262 1856 295 1910 et
309 1850 467 1929 duplicem
482 1852 613 1928 gemmis
628 1870 764 1929 auroque
779 1870 933 1912 coronam.
966 1870 1007 1929 ⁶55

100 1949 191 2008 Haec
206 1948 344 2008 celerans
361 1947 423 2007 iter
437 1948 477 2008 ad
492 1948 582 2008 navis
599 1949 748 2009 tendebat
762 1949 910 2009 Achates.

105 2181 192 2230 Venas
209 2181 307 2228 carrica
323 2181 360 2240 off
374 2179 504 2227 Ascanius
522 2183 545 2225 co
562 2177 658 2234 Idalio,
676 2178 845 2235 substitutione
864 2177 949 2236 erepto
960 2179 1008 2235 sor

526 2253 589 2299 him.

142 2370 187 2431 At
202 2371 359 2450 Cytherea
373 2387 470 2428 novas
485 2373 579 2444 artes,
596 2387 678 2427 nova
691 2373 816 2446 pectore
832 2372 937 2427 versat

100 2467 243 2542 consilia,
257 2473 293 2527 ut
310 2466 423 2526 faciem
438 2472 579 2525 mutatus
594 2470 626 2524 et
641 2483 696 2524 ora
710 2465 831 2542 Cupido

99 2583 158 2644 pro
173 2564 258 2624 dulci
272 2564 408 2624 Ascanio
425 2562 540 2638 veniat,
557 2562 710 2639 donisque
726 2562 886 2621 furentem

100 2662 250 2722 incendat
264 2661 405 2738 reginam
421 2667 517 2738 atque
533 2659 656 2719 ossibus
672 2659 814 2736 implicet
829 2659 943 2735 ignem.
967 2676 1009 2720 660

101 2758 225 2837 Quippe
235 2759 361 2818 domum
370 2757 462 2816 timet
472 2756 648 2833 ambiguam
656 2756 831 2834 Tyriosque
842 2755 1007 2834 bilinguis;

100 2856 167 2915 urit
181 2861 273 2915 atrox
289 2855 378 2928 Iuno,
394 2860 427 2914 et
442 2854 499 2912 sub
515 2858 639 2913 noctem
654 2871 729 2912 cura
744 2858 893 2912 recursat.

100 2952 185 3029 Ergo
200 2951 249 3011 his
265 2951 417 3028 aligerum
432 2949 525 3010 dictis
540 2950 668 3010 adfatur
685 2949 850 3009 Amorem:

102 3049 213 3124 ‘Nata
228 3067 315 3108 meae
328 3047 421 3123 vires,
437 3065 507 3106 mea
521 3065 635 3125 magna
648 3046 797 3127 potentia
807 3045 912 3118 solus,
