<?xml version="1.0" encoding="UTF-8"?>
<!DOCTYPE html PUBLIC "-//W3C//DTD XHTML 1.0 Transitional//EN"
    "http://www.w3.org/TR/xhtml1/DTD/xhtml1-transitional.dtd">
<html xmlns="http://www.w3.org/1999/xhtml" xml:lang="en" lang="en">
 <head>
  <title>
</title>
<meta http-equiv="Content-Type" content="text/html;charset=utf-8" />
  <meta name='ocr-system' content='tesseract 3.04.00' />
  <meta name='ocr-capabilities' content='ocr_page ocr_carea ocr_par ocr_line ocrx_word'/>
</head>
<body>
  <div class='ocr_page' id='page_1' title='image "aeneidosliberse00walpgoog_0031.png"; bbox 0 0 2160 3434; ppageno 0'>
   <div class='ocr_carea' id='block_1_1' title="bbox 84 258 643 324">
    <p class='ocr_par' dir='ltr' id='par_1_1' title="bbox 84 258 643 324">
     <span class='ocr_line' id='line_1_1' title="bbox 84 258 643 324; baseline -0.005 0"><span class='ocrx_word' id='word_1_1' title='bbox 84 258 126 324; x_wconf 84' lang='grc'>16</span> <span class='ocrx_word' id='word_1_2' title='bbox 433 269 643 323; x_wconf 71' lang='lat' dir='ltr'>Aruernos.</span> 
     </span>
    </p>
   </div>
   <div class='ocr_carea' id='block_1_2' title="bbox 83 424 995 908">
    <p class='ocr_par' dir='ltr' id='par_1_2' title="bbox 85 424 849 521">
     <span class='ocr_line' id='line_1_2' title="bbox 85 424 849 521; baseline -0.001 -19"><span class='ocrx_word' id='word_1_3' title='bbox 85 443 277 521; x_wconf 88' lang='lat' dir='ltr'>mercatique</span> <span class='ocrx_word' id='word_1_4' title='bbox 292 441 404 516; x_wconf 81' lang='lat' dir='ltr'>solum,</span> <span class='ocrx_word' id='word_1_5' title='bbox 419 442 499 501; x_wconf 88' lang='lat' dir='ltr'>facti</span> <span class='ocrx_word' id='word_1_6' title='bbox 514 442 552 501; x_wconf 91' lang='lat' dir='ltr'>de</span> <span class='ocrx_word' id='word_1_7' title='bbox 564 424 692 500; x_wconf 86' lang='lat' dir='ltr'>¹nomine</span> <span class='ocrx_word' id='word_1_8' title='bbox 706 441 849 519; x_wconf 81' lang='lat' dir='ltr'><strong>Byrsam,</strong></span> 
     </span>
    </p>

    <p class='ocr_par' dir='ltr' id='par_1_3' title="bbox 83 539 841 617">
     <span class='ocr_line' id='line_1_3' title="bbox 83 539 841 617; baseline -0.005 -17"><span class='ocrx_word' id='word_1_9' title='bbox 83 540 210 600; x_wconf 87' lang='lat' dir='ltr'>taurino</span> <span class='ocrx_word' id='word_1_10' title='bbox 225 544 379 617; x_wconf 87' lang='lat' dir='ltr'>quantum</span> <span class='ocrx_word' id='word_1_11' title='bbox 393 545 524 617; x_wconf 78' lang='lat' dir='ltr'>possent</span> <span class='ocrx_word' id='word_1_12' title='bbox 538 539 731 599; x_wconf 86' lang='lat' dir='ltr'>circumdare</span> <span class='ocrx_word' id='word_1_13' title='bbox 745 543 841 614; x_wconf 86' lang='lat' dir='ltr'>tergo.</span> 
     </span>
    </p>

    <p class='ocr_par' dir='ltr' id='par_1_4' title="bbox 85 634 995 908">
     <span class='ocr_line' id='line_1_4' title="bbox 86 634 925 715; baseline -0.004 -18"><span class='ocrx_word' id='word_1_14' title='bbox 86 637 147 697; x_wconf 85' lang='lat' dir='ltr'>Sed</span> <span class='ocrx_word' id='word_1_15' title='bbox 162 655 217 696; x_wconf 90' lang='lat' dir='ltr'>vos</span> <span class='ocrx_word' id='word_1_16' title='bbox 233 637 289 715; x_wconf 89' lang='lat' dir='ltr'>qui</span> <span class='ocrx_word' id='word_1_17' title='bbox 302 636 438 710; x_wconf 89' lang='lat' dir='ltr'>tandem,</span> <span class='ocrx_word' id='word_1_18' title='bbox 454 635 567 714; x_wconf 88' lang='lat' dir='ltr'>quibus</span> <span class='ocrx_word' id='word_1_19' title='bbox 582 641 637 695; x_wconf 92' lang='lat' dir='ltr'>aut</span> <span class='ocrx_word' id='word_1_20' title='bbox 652 634 784 695; x_wconf 86' lang='lat' dir='ltr'>venistis</span> <span class='ocrx_word' id='word_1_21' title='bbox 799 635 839 694; x_wconf 93' lang='lat' dir='ltr'>ab</span> <span class='ocrx_word' id='word_1_22' title='bbox 853 634 925 710; x_wconf 86' lang='lat' dir='ltr'>oris,</span> 
     </span>
     <span class='ocr_line' id='line_1_5' title="bbox 85 731 995 812; baseline -0.002 -19"><span class='ocrx_word' id='word_1_23' title='bbox 85 752 187 812; x_wconf 88' lang='lat' dir='ltr'>quove</span> <span class='ocrx_word' id='word_1_24' title='bbox 203 733 320 794; x_wconf 88' lang='lat' dir='ltr'>tenetis</span> <span class='ocrx_word' id='word_1_25' title='bbox 334 733 439 793; x_wconf 89' lang='lat' dir='ltr'>iter?&#39;</span> <span class='ocrx_word' id='word_1_26' title='bbox 482 731 652 802; x_wconf 79' lang='lat' dir='ltr'>Quaerenti</span> <span class='ocrx_word' id='word_1_27' title='bbox 666 731 784 792; x_wconf 86' lang='lat' dir='ltr'>talibus</span> <span class='ocrx_word' id='word_1_28' title='bbox 800 731 854 791; x_wconf 89' lang='lat' dir='ltr'>ille</span> <span class='ocrx_word' id='word_1_29' title='bbox 951 757 995 806; x_wconf 87' lang='lat'>370</span> 
     </span>
     <span class='ocr_line' id='line_1_6' title="bbox 85 828 841 908; baseline -0.005 -18"><span class='ocrx_word' id='word_1_30' title='bbox 85 831 247 908; x_wconf 83' lang='lat' dir='ltr'><strong>suspirans</strong></span> <span class='ocrx_word' id='word_1_31' title='bbox 262 829 387 907; x_wconf 90' lang='lat' dir='ltr'>imoque</span> <span class='ocrx_word' id='word_1_32' title='bbox 401 828 529 890; x_wconf 85' lang='lat' dir='ltr'>trahens</span> <span class='ocrx_word' id='word_1_33' title='bbox 544 847 563 888; x_wconf 88' lang='lat' dir='ltr'>a</span> <span class='ocrx_word' id='word_1_34' title='bbox 577 833 702 907; x_wconf 79' lang='lat' dir='ltr'>pectore</span> <span class='ocrx_word' id='word_1_35' title='bbox 717 847 841 889; x_wconf 85' lang='lat' dir='ltr'>vocem:</span> 
     </span>
    </p>
   </div>
   <div class='ocr_carea' id='block_1_3' title="bbox 86 1040 995 1249">
    <p class='ocr_par' dir='ltr' id='par_1_5' title="bbox 86 1040 995 1249">
     <span class='ocr_line' id='line_1_7' title="bbox 86 1040 995 1098; baseline -0.001 -10"><span class='ocrx_word' id='word_1_36' title='bbox 86 1040 187 1088; x_wconf 76' lang='lat' dir='ltr'>Aeneas</span> <span class='ocrx_word' id='word_1_37' title='bbox 199 1041 254 1088; x_wconf 84' lang='lat' dir='ltr'>tells</span> <span class='ocrx_word' id='word_1_38' title='bbox 268 1041 416 1088; x_wconf 73' lang='lat' dir='ltr'>Venerato</span> <span class='ocrx_word' id='word_1_39' title='bbox 432 1040 462 1088; x_wconf 80' lang='lat' dir='ltr'>he</span> <span class='ocrx_word' id='word_1_40' title='bbox 479 1043 517 1098; x_wconf 77' lang='lat' dir='ltr'>te‚·</span> <span class='ocrx_word' id='word_1_41' title='bbox 534 1041 577 1088; x_wconf 81' lang='lat' dir='ltr'>ste</span> <span class='ocrx_word' id='word_1_42' title='bbox 594 1040 649 1088; x_wconf 84' lang='lat' dir='ltr'>tells</span> <span class='ocrx_word' id='word_1_43' title='bbox 664 1040 719 1087; x_wconf 78' lang='lat' dir='ltr'>tim</span> <span class='ocrx_word' id='word_1_44' title='bbox 735 1040 790 1087; x_wconf 80' lang='lat' dir='ltr'>thet</span> <span class='ocrx_word' id='word_1_45' title='bbox 805 1040 847 1088; x_wconf 78' lang='lat' dir='ltr'>tis</span> <span class='ocrx_word' id='word_1_46' title='bbox 862 1040 995 1087; x_wconf 80' lang='lat' dir='ltr'>contradas</span> 
     </span>
     <span class='ocr_line' id='line_1_8' title="bbox 144 1114 995 1174; baseline -0.001 -11"><span class='ocrx_word' id='word_1_47' title='bbox 144 1129 188 1164; x_wconf 87' lang='lat' dir='ltr'>ere</span> <span class='ocrx_word' id='word_1_48' title='bbox 205 1117 270 1173; x_wconf 80' lang='lat' dir='ltr'>sese,</span> <span class='ocrx_word' id='word_1_49' title='bbox 286 1117 439 1174; x_wconf 67' lang='lat' dir='ltr'>corpermrnp</span> <span class='ocrx_word' id='word_1_50' title='bbox 454 1117 475 1162; x_wconf 76' lang='lat' dir='ltr'>it</span> <span class='ocrx_word' id='word_1_51' title='bbox 491 1115 523 1173; x_wconf 74' lang='lat' dir='ltr'>by</span> <span class='ocrx_word' id='word_1_52' title='bbox 539 1128 574 1162; x_wconf 76' lang='lat' dir='ltr'>aa</span> <span class='ocrx_word' id='word_1_53' title='bbox 589 1127 664 1162; x_wconf 79' lang='lat' dir='ltr'>omen</span> <span class='ocrx_word' id='word_1_54' title='bbox 678 1116 709 1172; x_wconf 81' lang='lat' dir='ltr'>ef</span> <span class='ocrx_word' id='word_1_55' title='bbox 721 1127 821 1172; x_wconf 58' lang='lat' dir='ltr'>saona·</span> <span class='ocrx_word' id='word_1_56' title='bbox 838 1115 882 1162; x_wconf 76' lang='lat' dir='ltr'>ste</span> <span class='ocrx_word' id='word_1_57' title='bbox 896 1114 995 1162; x_wconf 77' lang='lat' dir='ltr'>revecta</span> 
     </span>
     <span class='ocr_line' id='line_1_9' title="bbox 147 1189 690 1249; baseline -0.004 -12"><span class='ocrx_word' id='word_1_58' title='bbox 147 1190 247 1249; x_wconf 75' lang='lat' dir='ltr'>herself</span> <span class='ocrx_word' id='word_1_59' title='bbox 255 1194 279 1237; x_wconf 87' lang='lat' dir='ltr'>to</span> <span class='ocrx_word' id='word_1_60' title='bbox 290 1189 353 1246; x_wconf 80' lang='lat' dir='ltr'>him,</span> <span class='ocrx_word' id='word_1_61' title='bbox 365 1191 418 1236; x_wconf 79' lang='lat' dir='ltr'>aad</span> <span class='ocrx_word' id='word_1_62' title='bbox 428 1190 531 1247; x_wconf 77' lang='lat' dir='ltr'>deporta</span> <span class='ocrx_word' id='word_1_63' title='bbox 543 1195 567 1237; x_wconf 82' lang='lat' dir='ltr'>to</span> <span class='ocrx_word' id='word_1_64' title='bbox 577 1189 690 1248; x_wconf 78' lang='lat' dir='ltr'>Paphos.</span> 
     </span>
    </p>
   </div>
   <div class='ocr_carea' id='block_1_4' title="bbox 56 1312 998 3137">
    <p class='ocr_par' dir='ltr' id='par_1_6' title="bbox 56 1312 998 3137">
     <span class='ocr_line' id='line_1_10' title="bbox 128 1312 911 1391; baseline -0.003 -17"><span class='ocrx_word' id='word_1_65' title='bbox 128 1314 172 1374; x_wconf 66' lang='grc' dir='ltr'>ίΟ</span> <span class='ocrx_word' id='word_1_66' title='bbox 187 1314 253 1389; x_wconf 84' lang='lat' dir='ltr'>dea,</span> <span class='ocrx_word' id='word_1_67' title='bbox 269 1313 297 1373; x_wconf 90' lang='lat' dir='ltr'>si</span> <span class='ocrx_word' id='word_1_68' title='bbox 311 1313 414 1391; x_wconf 90' lang='lat' dir='ltr'>prima</span> <span class='ocrx_word' id='word_1_69' title='bbox 427 1319 572 1391; x_wconf 89' lang='lat' dir='ltr'>repetens</span> <span class='ocrx_word' id='word_1_70' title='bbox 587 1314 627 1373; x_wconf 91' lang='lat' dir='ltr'>ab</span> <span class='ocrx_word' id='word_1_71' title='bbox 640 1312 760 1390; x_wconf 84' lang='lat' dir='ltr'>origine</span> <span class='ocrx_word' id='word_1_72' title='bbox 774 1331 911 1390; x_wconf 85' lang='lat' dir='ltr'>pergam,</span> 
     </span>
     <span class='ocr_line' id='line_1_11' title="bbox 86 1410 844 1483; baseline -0.004 -12"><span class='ocrx_word' id='word_1_73' title='bbox 86 1417 119 1471; x_wconf 89' lang='lat' dir='ltr'>et</span> <span class='ocrx_word' id='word_1_74' title='bbox 132 1416 224 1472; x_wconf 88' lang='lat' dir='ltr'>vacet</span> <span class='ocrx_word' id='word_1_75' title='bbox 238 1410 362 1470; x_wconf 87' lang='lat' dir='ltr'>annalis</span> <span class='ocrx_word' id='word_1_76' title='bbox 376 1415 555 1470; x_wconf 89' lang='lat' dir='ltr'>nostrorum</span> <span class='ocrx_word' id='word_1_77' title='bbox 569 1410 679 1470; x_wconf 88' lang='lat' dir='ltr'>audire</span> <span class='ocrx_word' id='word_1_78' title='bbox 693 1410 844 1483; x_wconf 87' lang='lat' dir='ltr'>laborum,</span> 
     </span>
     <span class='ocr_line' id='line_1_12' title="bbox 56 1506 850 1593; baseline -0.001 -26"><span class='ocrx_word' id='word_1_79' title='bbox 56 1588 59 1593; x_wconf 24' lang='grc' dir='ltr'>Ι</span> <span class='ocrx_word' id='word_1_80' title='bbox 86 1514 159 1568; x_wconf 88' lang='lat' dir='ltr'>ante</span> <span class='ocrx_word' id='word_1_81' title='bbox 174 1508 258 1567; x_wconf 91' lang='lat' dir='ltr'>diem</span> <span class='ocrx_word' id='word_1_82' title='bbox 272 1507 379 1567; x_wconf 88' lang='lat' dir='ltr'>clauso</span> <span class='ocrx_word' id='word_1_83' title='bbox 394 1512 558 1587; x_wconf 78' lang='lat' dir='ltr'>componet</span> <span class='ocrx_word' id='word_1_84' title='bbox 572 1508 692 1584; x_wconf 86' lang='lat' dir='ltr'>Vesper</span> <span class='ocrx_word' id='word_1_85' title='bbox 707 1506 850 1586; x_wconf 82' lang='lat' dir='ltr'>Olympa</span> 
     </span>
     <span class='ocr_line' id='line_1_13' title="bbox 86 1603 994 1683; baseline -0.002 -18"><span class='ocrx_word' id='word_1_86' title='bbox 86 1605 153 1666; x_wconf 87' lang='lat' dir='ltr'>Nos</span> <span class='ocrx_word' id='word_1_87' title='bbox 168 1604 266 1666; x_wconf 81' lang='lat' dir='ltr'>Troia</span> <span class='ocrx_word' id='word_1_88' title='bbox 280 1604 420 1683; x_wconf 81' lang='lat' dir='ltr'>antiqua,</span> <span class='ocrx_word' id='word_1_89' title='bbox 436 1604 464 1664; x_wconf 87' lang='lat' dir='ltr'>si</span> <span class='ocrx_word' id='word_1_90' title='bbox 479 1609 602 1664; x_wconf 78' lang='lat' dir='ltr'>vestras</span> <span class='ocrx_word' id='word_1_91' title='bbox 617 1604 701 1664; x_wconf 85' lang='lat' dir='ltr'>forte</span> <span class='ocrx_word' id='word_1_92' title='bbox 715 1622 772 1681; x_wconf 90' lang='lat' dir='ltr'>per</span> <span class='ocrx_word' id='word_1_93' title='bbox 786 1603 870 1664; x_wconf 89' lang='lat' dir='ltr'>auris</span> <span class='ocrx_word' id='word_1_94' title='bbox 953 1630 994 1680; x_wconf 83' lang='lat'>375</span> 
     </span>
     <span class='ocr_line' id='line_1_14' title="bbox 87 1701 873 1778; baseline -0.001 -16"><span class='ocrx_word' id='word_1_95' title='bbox 87 1703 199 1762; x_wconf 79' lang='lat' dir='ltr'>Troiae</span> <span class='ocrx_word' id='word_1_96' title='bbox 214 1720 329 1761; x_wconf 90' lang='lat' dir='ltr'>nomen</span> <span class='ocrx_word' id='word_1_97' title='bbox 344 1701 391 1775; x_wconf 90' lang='lat' dir='ltr'>iit,</span> <span class='ocrx_word' id='word_1_98' title='bbox 408 1701 533 1761; x_wconf 84' lang='lat' dir='ltr'>diversa</span> <span class='ocrx_word' id='word_1_99' title='bbox 546 1719 602 1778; x_wconf 89' lang='lat' dir='ltr'>per</span> <span class='ocrx_word' id='word_1_100' title='bbox 616 1719 753 1778; x_wconf 85' lang='lat' dir='ltr'>aequora</span> <span class='ocrx_word' id='word_1_101' title='bbox 767 1706 873 1761; x_wconf 89' lang='lat' dir='ltr'>vectos</span> 
     </span>
     <span class='ocr_line' id='line_1_15' title="bbox 87 1796 798 1876; baseline -0.003 -18"><span class='ocrx_word' id='word_1_102' title='bbox 87 1799 170 1858; x_wconf 87' lang='lat' dir='ltr'>forte</span> <span class='ocrx_word' id='word_1_103' title='bbox 186 1817 243 1859; x_wconf 89' lang='lat' dir='ltr'>sua</span> <span class='ocrx_word' id='word_1_104' title='bbox 258 1797 385 1876; x_wconf 84' lang='lat' dir='ltr'>Libycis</span> <span class='ocrx_word' id='word_1_105' title='bbox 400 1803 572 1876; x_wconf 79' lang='lat' dir='ltr'>tempestas</span> <span class='ocrx_word' id='word_1_106' title='bbox 587 1796 712 1875; x_wconf 84' lang='lat' dir='ltr'>adpulit</span> <span class='ocrx_word' id='word_1_107' title='bbox 726 1797 798 1857; x_wconf 87' lang='lat' dir='ltr'>cris.</span> 
     </span>
     <span class='ocr_line' id='line_1_16' title="bbox 88 1893 900 1973; baseline -0.001 -18"><span class='ocrx_word' id='word_1_108' title='bbox 88 1895 249 1973; x_wconf 74' lang='lat' dir='ltr'>sumpius</span> <span class='ocrx_word' id='word_1_109' title='bbox 265 1895 397 1968; x_wconf 82' lang='lat' dir='ltr'>Aeneae,</span> <span class='ocrx_word' id='word_1_110' title='bbox 413 1900 520 1971; x_wconf 87' lang='lat' dir='ltr'>raptos</span> <span class='ocrx_word' id='word_1_111' title='bbox 536 1893 592 1972; x_wconf 91' lang='lat' dir='ltr'>qui</span> <span class='ocrx_word' id='word_1_112' title='bbox 606 1913 646 1954; x_wconf 89' lang='lat' dir='ltr'>ex</span> <span class='ocrx_word' id='word_1_113' title='bbox 660 1894 750 1954; x_wconf 92' lang='lat' dir='ltr'>hoste</span> <span class='ocrx_word' id='word_1_114' title='bbox 765 1895 900 1955; x_wconf 88' lang='lat' dir='ltr'>Penates</span> 
     </span>
     <span class='ocr_line' id='line_1_17' title="bbox 87 1991 905 2068; baseline -0.002 -15"><span class='ocrx_word' id='word_1_115' title='bbox 87 1993 187 2053; x_wconf 85' lang='lat' dir='ltr'>classe</span> <span class='ocrx_word' id='word_1_116' title='bbox 202 1992 283 2051; x_wconf 87' lang='lat' dir='ltr'>veho</span> <span class='ocrx_word' id='word_1_117' title='bbox 298 2010 429 2065; x_wconf 86' lang='lat' dir='ltr'>meeum,</span> <span class='ocrx_word' id='word_1_118' title='bbox 446 1991 532 2051; x_wconf 87' lang='lat' dir='ltr'>fama</span> <span class='ocrx_word' id='word_1_119' title='bbox 547 2009 641 2068; x_wconf 88' lang='lat' dir='ltr'>super</span> <span class='ocrx_word' id='word_1_120' title='bbox 654 1992 785 2051; x_wconf 87' lang='lat' dir='ltr'>aethera</span> <span class='ocrx_word' id='word_1_121' title='bbox 799 1997 905 2051; x_wconf 87' lang='lat' dir='ltr'>notus.</span> 
     </span>
     <span class='ocr_line' id='line_1_18' title="bbox 87 2087 997 2166; baseline 0 -17"><span class='ocrx_word' id='word_1_122' title='bbox 87 2089 215 2149; x_wconf 90' lang='lat' dir='ltr'>Italiam</span> <span class='ocrx_word' id='word_1_123' title='bbox 230 2107 346 2166; x_wconf 86' lang='lat' dir='ltr'>quaero</span> <span class='ocrx_word' id='word_1_124' title='bbox 357 2087 493 2164; x_wconf 87' lang='lat' dir='ltr'>patriam</span> <span class='ocrx_word' id='word_1_125' title='bbox 505 2092 537 2147; x_wconf 92' lang='lat' dir='ltr'>et</span> <span class='ocrx_word' id='word_1_126' title='bbox 550 2106 647 2164; x_wconf 84' lang='lat' dir='ltr'>genus</span> <span class='ocrx_word' id='word_1_127' title='bbox 662 2088 701 2148; x_wconf 92' lang='lat' dir='ltr'>ab</span> <span class='ocrx_word' id='word_1_128' title='bbox 715 2089 792 2148; x_wconf 89' lang='lat' dir='ltr'>Iove</span> <span class='ocrx_word' id='word_1_129' title='bbox 807 2107 937 2148; x_wconf 88' lang='lat' dir='ltr'>summo.</span> <span class='ocrx_word' id='word_1_130' title='bbox 953 2103 997 2163; x_wconf 80' lang='lat'>380</span> 
     </span>
     <span class='ocr_line' id='line_1_19' title="bbox 86 2184 929 2263; baseline -0.001 -18"><span class='ocrx_word' id='word_1_131' title='bbox 86 2186 143 2245; x_wconf 89' lang='lat' dir='ltr'>Bis</span> <span class='ocrx_word' id='word_1_132' title='bbox 158 2185 248 2245; x_wconf 90' lang='lat' dir='ltr'>denis</span> <span class='ocrx_word' id='word_1_133' title='bbox 263 2184 437 2262; x_wconf 86' lang='lat' dir='ltr'>Phrygium</span> <span class='ocrx_word' id='word_1_134' title='bbox 454 2185 621 2245; x_wconf 81' lang='lat' dir='ltr'>conscendi</span> <span class='ocrx_word' id='word_1_135' title='bbox 636 2185 769 2245; x_wconf 90' lang='lat' dir='ltr'>navibus</span> <span class='ocrx_word' id='word_1_136' title='bbox 785 2204 900 2263; x_wconf 82' lang='lat' dir='ltr'>aequor</span> <span class='ocrx_word' id='word_1_137' title='bbox 926 2249 929 2253; x_wconf 66' lang='grc'><strong>,</strong></span> 
     </span>
     <span class='ocr_line' id='line_1_20' title="bbox 87 2282 929 2357; baseline -0.007 -14"><span class='ocrx_word' id='word_1_138' title='bbox 87 2289 188 2343; x_wconf 89' lang='lat' dir='ltr'>matre</span> <span class='ocrx_word' id='word_1_139' title='bbox 203 2283 262 2342; x_wconf 87' lang='lat' dir='ltr'>dea</span> <span class='ocrx_word' id='word_1_140' title='bbox 276 2286 471 2341; x_wconf 88' lang='lat' dir='ltr'>monstrante</span> <span class='ocrx_word' id='word_1_141' title='bbox 486 2282 580 2356; x_wconf 85' lang='lat' dir='ltr'>viam,</span> <span class='ocrx_word' id='word_1_142' title='bbox 596 2282 671 2342; x_wconf 89' lang='lat' dir='ltr'>data</span> <span class='ocrx_word' id='word_1_143' title='bbox 685 2282 753 2342; x_wconf 85' lang='lat' dir='ltr'>fata</span> <span class='ocrx_word' id='word_1_144' title='bbox 768 2288 893 2343; x_wconf 87' lang='lat' dir='ltr'>secutus</span> <span class='ocrx_word' id='word_1_145' title='bbox 906 2304 929 2357; x_wconf 72' lang='grc' dir='ltr'>ς,</span> 
     </span>
     <span class='ocr_line' id='line_1_21' title="bbox 88 2378 919 2458; baseline -0.001 -20"><span class='ocrx_word' id='word_1_146' title='bbox 88 2381 142 2438; x_wconf 84' lang='lat' dir='ltr'>vix</span> <span class='ocrx_word' id='word_1_147' title='bbox 157 2385 278 2457; x_wconf 89' lang='lat' dir='ltr'>septem</span> <span class='ocrx_word' id='word_1_148' title='bbox 293 2378 458 2438; x_wconf 83' lang='lat' dir='ltr'>convolsae</span> <span class='ocrx_word' id='word_1_149' title='bbox 472 2379 565 2438; x_wconf 90' lang='lat' dir='ltr'>undis</span> <span class='ocrx_word' id='word_1_150' title='bbox 580 2379 728 2457; x_wconf 81' lang='lat' dir='ltr'>Euroque</span> <span class='ocrx_word' id='word_1_151' title='bbox 743 2384 919 2458; x_wconf 86' lang='lat' dir='ltr'>supersunt.</span> 
     </span>
     <span class='ocr_line' id='line_1_22' title="bbox 87 2476 860 2556; baseline 0 -20"><span class='ocrx_word' id='word_1_152' title='bbox 87 2477 161 2555; x_wconf 89' lang='lat' dir='ltr'>Ipse</span> <span class='ocrx_word' id='word_1_153' title='bbox 176 2476 312 2553; x_wconf 85' lang='lat' dir='ltr'>ignotos,</span> <span class='ocrx_word' id='word_1_154' title='bbox 329 2494 432 2553; x_wconf 87' lang='lat' dir='ltr'>egens,</span> <span class='ocrx_word' id='word_1_155' title='bbox 449 2477 568 2556; x_wconf 82' lang='lat' dir='ltr'>Libyae</span> <span class='ocrx_word' id='word_1_156' title='bbox 583 2477 707 2537; x_wconf 86' lang='lat' dir='ltr'>deserta</span> <span class='ocrx_word' id='word_1_157' title='bbox 721 2495 860 2555; x_wconf 86' lang='lat' dir='ltr'>peragro,</span> 
     </span>
     <span class='ocr_line' id='line_1_23' title="bbox 87 2573 976 2652; baseline 0 -21"><span class='ocrx_word' id='word_1_158' title='bbox 87 2573 215 2650; x_wconf 83' lang='lat' dir='ltr'>Europa</span> <span class='ocrx_word' id='word_1_159' title='bbox 229 2578 324 2651; x_wconf 90' lang='lat' dir='ltr'>atque</span> <span class='ocrx_word' id='word_1_160' title='bbox 339 2573 418 2633; x_wconf 90' lang='lat' dir='ltr'>Asia</span> <span class='ocrx_word' id='word_1_161' title='bbox 432 2573 562 2652; x_wconf 69' lang='lat' dir='ltr'>pulsus!</span> <span class='ocrx_word' id='word_1_162' title='bbox 604 2573 671 2634; x_wconf 87' lang='lat' dir='ltr'>Nec</span> <span class='ocrx_word' id='word_1_163' title='bbox 685 2573 777 2651; x_wconf 87' lang='lat' dir='ltr'>plura</span> <span class='ocrx_word' id='word_1_164' title='bbox 792 2577 976 2650; x_wconf 89' lang='lat' dir='ltr'>querentem</span> 
     </span>
     <span class='ocr_line' id='line_1_24' title="bbox 87 2669 998 2748; baseline 0.002 -19"><span class='ocrx_word' id='word_1_165' title='bbox 87 2688 181 2748; x_wconf 88' lang='lat' dir='ltr'>passa</span> <span class='ocrx_word' id='word_1_166' title='bbox 195 2670 303 2731; x_wconf 88' lang='lat' dir='ltr'>Venus</span> <span class='ocrx_word' id='word_1_167' title='bbox 318 2670 421 2731; x_wconf 89' lang='lat' dir='ltr'>medio</span> <span class='ocrx_word' id='word_1_168' title='bbox 437 2671 483 2731; x_wconf 90' lang='lat' dir='ltr'>sic</span> <span class='ocrx_word' id='word_1_169' title='bbox 497 2670 648 2730; x_wconf 88' lang='lat' dir='ltr'>interfata</span> <span class='ocrx_word' id='word_1_170' title='bbox 663 2669 769 2731; x_wconf 88' lang='lat' dir='ltr'>dolore</span> <span class='ocrx_word' id='word_1_171' title='bbox 784 2675 850 2729; x_wconf 89' lang='lat' dir='ltr'>est:</span> <span class='ocrx_word' id='word_1_172' title='bbox 954 2683 998 2743; x_wconf 78' lang='lat'>38⁶</span> 
     </span>
     <span class='ocr_line' id='line_1_25' title="bbox 121 2736 997 2845; baseline 0.001 -19"><span class='ocrx_word' id='word_1_173' title='bbox 121 2736 297 2845; x_wconf 61' lang='lat' dir='ltr'>tcuisquis</span> <span class='ocrx_word' id='word_1_174' title='bbox 326 2785 369 2843; x_wconf 85' lang='lat' dir='ltr'>es,</span> <span class='ocrx_word' id='word_1_175' title='bbox 398 2767 493 2842; x_wconf 87' lang='lat' dir='ltr'>haud,</span> <span class='ocrx_word' id='word_1_176' title='bbox 522 2767 622 2842; x_wconf 86' lang='lat' dir='ltr'>crede,</span> <span class='ocrx_word' id='word_1_177' title='bbox 653 2767 775 2827; x_wconf 86' lang='lat' dir='ltr'>invisus</span> <span class='ocrx_word' id='word_1_178' title='bbox 807 2765 997 2827; x_wconf 86' lang='lat' dir='ltr'>caelestibus</span> 
     </span>
     <span class='ocr_line' id='line_1_26' title="bbox 169 2883 260 2925; baseline 0.011 -1"><span class='ocrx_word' id='word_1_179' title='bbox 169 2883 260 2925; x_wconf 86' lang='lat' dir='ltr'>auras</span> 
     </span>
     <span class='ocr_line' id='line_1_27' title="bbox 89 2960 851 3040; baseline -0.003 -18"><span class='ocrx_word' id='word_1_180' title='bbox 89 2962 197 3022; x_wconf 83' lang='lat' dir='ltr'>vitalis</span> <span class='ocrx_word' id='word_1_181' title='bbox 213 2961 472 3040; x_wconf 62' lang='lat' dir='ltr'>carpis‚‘‚Tyriam</span> <span class='ocrx_word' id='word_1_182' title='bbox 486 2961 542 3039; x_wconf 92' lang='lat' dir='ltr'>qui</span> <span class='ocrx_word' id='word_1_183' title='bbox 553 2960 718 3022; x_wconf 84' lang='lat' dir='ltr'>adveneris</span> <span class='ocrx_word' id='word_1_184' title='bbox 733 2961 851 3021; x_wconf 85' lang='lat' dir='ltr'>urbem.</span> 
     </span>
     <span class='ocr_line' id='line_1_28' title="bbox 83 3044 997 3137; baseline 0.001 -20"><span class='ocrx_word' id='word_1_185' title='bbox 83 3060 188 3134; x_wconf 77' lang='lat' dir='ltr'>Perge</span> <span class='ocrx_word' id='word_1_186' title='bbox 201 3060 304 3134; x_wconf 79' lang='lat' dir='ltr'>modo,</span> <span class='ocrx_word' id='word_1_187' title='bbox 317 3064 411 3137; x_wconf 90' lang='lat' dir='ltr'>atque</span> <span class='ocrx_word' id='word_1_188' title='bbox 422 3058 496 3119; x_wconf 92' lang='lat' dir='ltr'>hinc</span> <span class='ocrx_word' id='word_1_189' title='bbox 511 3063 543 3118; x_wconf 87' lang='lat' dir='ltr'>te</span> <span class='ocrx_word' id='word_1_190' title='bbox 559 3057 685 3136; x_wconf 87' lang='lat' dir='ltr'>reginae</span> <span class='ocrx_word' id='word_1_191' title='bbox 700 3058 740 3117; x_wconf 90' lang='lat' dir='ltr'>ad</span> <span class='ocrx_word' id='word_1_192' title='bbox 750 3044 863 3118; x_wconf 87' lang='lat' dir='ltr'>limina</span> <span class='ocrx_word' id='word_1_193' title='bbox 872 3055 997 3136; x_wconf 83' lang='lat' dir='ltr'>perfer:</span> 
     </span>
    </p>
   </div>
   <div class='ocr_carea' id='block_1_5' title="bbox 0 0 1087 3434">
    <p class='ocr_par' dir='ltr' id='par_1_7' title="bbox 0 0 1087 3434">
     <span class='ocr_line' id='line_1_29' title="bbox 0 0 1087 3434; baseline 0 0"><span class='ocrx_word' id='word_1_194' title='bbox 0 0 1087 3434; x_wconf 95' lang='lat' dir='ltr'> </span> 
     </span>
    </p>
   </div>
  </div>
 </body>
</html>
