2160 3434
459 258 579 309 urnae
601 258 627 307 r.
949 241 991 306 19

81 496 187 544 Aeneae
197 499 282 543 enters
292 507 309 539 α
323 505 398 552 grove
414 493 496 539 where
507 506 524 538 a
535 492 625 550 temple
636 494 659 538 ie
669 493 698 537 in
709 491 826 548 building
838 496 862 536 to
872 490 953 544 June,
963 492 992 536 ie

142 569 225 616 ethich
244 568 274 616 he
295 567 438 625 recognitae
458 566 513 613 well
531 565 624 613 knoron
642 565 769 612 incidente
787 565 818 622 os
835 564 876 610 the
898 563 992 620 Trajan

142 655 206 690 war.

126 727 231 786 Lueue
247 724 281 783 iu
293 724 370 783 urbe
385 723 449 782 fuit
464 723 575 797 media,
591 722 783 782 laetissimus
798 721 936 788 umbrae,

82 841 148 902 quo
163 821 300 900 primum
314 820 427 880 iactati
440 819 534 879 undis
549 824 582 879 et
600 818 727 878 turbine
741 817 842 877 Poeni

83 918 224 980 effodere
238 917 307 977 loeo
322 916 456 992 signum,
472 917 557 994 quod
571 916 658 993 regia
672 916 752 974 Iuno

83 1016 286 1084 monstrarat,
302 1015 397 1088 eaput
410 1010 490 1070 aeris
505 1010 596 1087 equi:
620 1009 664 1068 sie
678 1028 752 1068 nam
766 1009 834 1068 fore
848 1007 931 1068 bello

83 1108 244 1186 egregiam
258 1112 291 1167 et
305 1106 433 1167 facilem
446 1107 533 1166 victu
548 1125 603 1183 per
617 1106 743 1166 saecula
757 1110 891 1182 gentem.
951 1131 992 1179 445

84 1206 150 1266 Hie
164 1204 320 1282 templum
334 1203 450 1263 Iunoni
464 1202 575 1279 ingens
591 1203 721 1263 Sidonia
734 1202 817 1261 Dido

83 1302 249 1375 condebat,
265 1301 355 1360 denis
370 1299 554 1378 opulentum
569 1305 601 1359 et
614 1299 743 1359 numine
757 1299 857 1373 divae,

56 1417 57 1420 ’
83 1417 178 1460 aerea
191 1397 244 1458 eui
257 1397 405 1474 gradibus
421 1396 592 1474 surgebant
606 1396 718 1455 limina
731 1415 892 1474 nexaeque

84 1513 157 1556 aere
171 1495 286 1568 trabea,
302 1492 424 1553 foribus
440 1493 533 1553 eardo
548 1492 702 1553 stridebat
716 1485 811 1552 aenie'.

84 1593 157 1652 Hoe
171 1591 308 1669 primum
322 1590 357 1649 in
370 1589 441 1650 lueo
456 1608 538 1649 nova
552 1608 601 1650 ree
619 1589 725 1649 oblata
738 1589 884 1649 timorem
952 1618 995 1665 450

84 1688 187 1762 leniit,
202 1687 254 1746 hie
269 1686 405 1764 primum
420 1687 545 1746 Aeneas
559 1704 686 1764 sperare
702 1686 837 1746 salutem

84 1803 181 1846 ausus
196 1788 228 1844 et
241 1782 378 1843 adflictis
393 1782 506 1842 melius
521 1782 676 1843 confidere
690 1782 791 1843 rebue

84 1883 231 1958 Namque
246 1879 305 1940 sub
319 1879 442 1956 ingenti
456 1879 573 1940 lustrat
587 1881 662 1940 dum
677 1879 802 1956 singule
814 1880 934 1960 templo

83 1977 227 2055 reginam
242 1975 417 2054 opperiens,
434 1977 517 2051 dum,
531 1995 611 2055 quae
626 1977 757 2036 fortuna
769 1977 813 2036 sit
827 1978 906 2053 urbi,

84 2074 305 2151 artificumque
320 2091 431 2133 manus
446 2073 531 2133 iuter
545 2091 578 2133 se
594 2090 785 2151 operumque
799 2073 938 2133 laborem
952 2102 993 2150 455

84 2172 228 2246 miratur,
244 2169 333 2229 videt
348 2168 463 2229 Iliacas
479 2189 519 2229 ex
533 2170 641 2229 ordine
656 2188 777 2248 pugnas

84 2267 231 2345 bellaque
245 2268 308 2327 iam
323 2267 410 2327 fama
423 2272 526 2326 totum
541 2266 669 2343 volgata
682 2284 738 2344 per
752 2267 866 2344 orbem,
900 2278 905 2282 ·

84 2363 216 2426 Atridae
231 2364 454 2441 Priamumque
473 2368 506 2422 et
523 2381 651 2423 saevum
671 2363 819 2424 ambobus
835 2365 992 2425 Achillen.

84 2461 250 2535 Constitit,
278 2466 311 2521 et
338 2460 504 2520 lacrimans
535 2459 627 2530 ‘Quis
656 2459 719 2519 iam
747 2460 853 2536 loeus,'
879 2461 993 2539 inquit,

169 2558 316 2633 ‘Achata

84 2673 166 2733 quae
181 2655 266 2731 regio
281 2655 424 2714 interris
439 2655 539 2714 nostri
554 2674 617 2714 non
631 2653 726 2732 plena
739 2651 882 2714 laborie‘?
952 2672 995 2728 460

84 2753 137 2812 En
155 2751 309 2812 Priamus.
353 2751 434 2811 Sunt
447 2750 499 2810 hie
514 2751 610 2810 etiam
626 2769 683 2811 sua
696 2752 835 2829 praemia
848 2751 952 2827 laudi;

74 2837 163 2909 ¹eunt
176 2847 323 2910 lacrimae
339 2867 444 2908 rerum
458 2852 491 2908 et
505 2853 643 2907 mentem
658 2848 805 2908 mortalia
817 2853 960 2925 tangunt.

85 2945 180 3006 Solve
195 2950 316 3021 metus;
337 2944 420 3004 feret
430 2944 508 3004 haee
519 2943 658 3021 aliquam
669 2944 730 3003 tibi
741 2943 993 3005 famasalutem!

86 3043 139 3102 Sia
153 3041 211 3116 ait,
224 3047 319 3120 atque
334 3041 474 3102 animum
488 3041 613 3119 pictura
625 3040 728 3121 pascit
740 3040 844 3117 mant,
