2160 3434
104 216 146 281 10
451 230 662 283 arausicos,

102 399 275 478 Praecipue
289 401 361 478 pius
376 400 500 460 Aeneas
514 421 598 462 nunc
614 401 694 462 acris
711 401 831 476 Oronti,
966 431 1008 462 220

102 516 186 557 nunc
201 497 316 575 Amyci
331 516 437 557 casum
452 498 549 575 gemit
564 504 596 558 et
611 499 750 558 crudelia
765 494 869 558 secum

39 594 172 739 ji7ata
185 594 264 672 Lyci
280 595 457 673 fortemque
473 596 565 674 Gyan
580 595 757 672 fortemque
773 596 971 657 Cloanthum.

106 797 156 844 The
173 810 245 844 scene
264 796 383 855 chonam.
418 797 501 845 Venus
518 797 637 855 implores
657 797 763 855 Jupiter
780 803 804 844 to
824 798 941 856 besriend
962 799 1007 844 her

497 871 613 930 Trojszns.

142 979 263 1039 Etiam
276 978 349 1039 finis
365 984 441 1054 erat,
457 998 527 1039 oum
542 979 689 1057 Iuppiter
703 979 830 1040 aethere
846 998 967 1039 summo

102 1075 277 1153 despiciens
292 1095 377 1136 mare
392 1075 564 1136 velivolum
579 1081 740 1154 terrasque
755 1075 886 1136 iacentis

101 1173 258 1250 litoraque
273 1178 305 1232 et
318 1172 400 1234 latos
415 1173 555 1251 populos,
572 1173 617 1234 sic
631 1173 750 1234 vertice
764 1172 843 1234 caeli
965 1200 1005 1248 225

101 1269 247 1329 constitit
262 1274 294 1328 et
309 1269 427 1346 Libyae
444 1269 554 1329 defixit
568 1269 689 1329 lumina
703 1270 816 1346 regnis.

101 1365 207 1443 Atque
224 1365 314 1424 illum
329 1366 404 1425 talis
419 1366 590 1426 iactantem
604 1371 730 1443 pectore
745 1385 835 1426 ouras

101 1462 224 1521 tristior
239 1467 272 1521 et
286 1461 423 1522 lacrimis
439 1462 545 1523 oculos
561 1462 682 1522 suffusa
697 1462 828 1522 nitentis

101 1558 283 1636 adloquitur
292 1560 413 1619 Venus:
433 1558 478 1619 ‘O
490 1559 603 1636 quires
615 1558 839 1636 hominumque
851 1559 1005 1635 deumque

101 1655 238 1715 aeternis
255 1656 338 1732 regis
353 1655 494 1732 imperiis
510 1662 542 1715 et
556 1654 692 1715 fulmine
707 1661 815 1729 terres,
964 1682 1006 1728 230

102 1751 179 1829 quid
195 1770 281 1813 meus
297 1753 421 1812 Aeneas
436 1751 470 1810 in
484 1757 516 1811 te
531 1751 726 1812 committere
741 1757 874 1825 tantum,

101 1848 179 1926 quid
194 1849 289 1908 Troes
304 1855 443 1926 potuere,
460 1848 572 1926 quibus
587 1853 637 1908 tot
651 1848 765 1907 funera
778 1847 880 1925 passis

101 1950 233 2005 cunctus
248 1945 287 2005 ob
302 1945 430 2005 Italiam
445 1952 599 2005 terrarum
613 1944 771 2005 clauditur
786 1943 897 2003 orbis?

101 2042 194 2103 Certe
208 2041 282 2102 hinc
297 2043 456 2101 Romanos
472 2040 556 2109 olim,
572 2040 772 2100 volventibus
788 2041 887 2114 annis,

101 2137 175 2198 hinc
189 2138 259 2198 fore
273 2138 417 2198 ductores
432 2143 577 2197 revocato
592 2156 611 2197 a
624 2137 775 2213 sanguine
791 2136 911 2210 Teucri,
962 2164 1003 2211 235

102 2235 158 2314 qui
171 2254 264 2310 mare,
281 2234 335 2312 qui
349 2240 450 2294 terras
465 2234 550 2294 omni
565 2233 687 2294 dicione
702 2239 855 2307 tenerent,

102 2332 279 2409 pollicitus:
303 2350 382 2409 quae
397 2339 438 2406 te,
454 2331 585 2407 genitor,
602 2331 760 2391 sententia
773 2332 897 2391 vertit?

102 2428 172 2488 Hoc
187 2428 333 2506 equidem
347 2446 490 2489 occasum
505 2427 617 2487 Troiae
632 2427 797 2505 tristisque
812 2427 918 2486 ruinas

103 2525 235 2600 solabar,
252 2525 329 2584 fatis
344 2524 502 2585 contraria
515 2524 583 2584 fata
597 2525 790 2602 rependens;

103 2641 185 2689 nuno
200 2622 309 2681 eadem
323 2621 452 2681 fortuna
465 2621 550 2682 viros
565 2626 614 2681 tot
627 2620 752 2681 casibus
766 2626 852 2680 actos
965 2647 1007 2691 240

103 2718 288 2796 insequitur.
332 2719 431 2788 Quem
446 2718 501 2777 das
516 2716 619 2792 finem,
636 2736 692 2776 rex
706 2734 827 2793 magne,
839 2715 1006 2775 laborum?

103 2817 247 2874 Antenor
262 2814 367 2892 potuit
383 2814 495 2873 mediis
511 2814 636 2891 elapsus
653 2813 783 2873 Achivis

103 2911 250 2988 Illyricos
265 2915 429 2988 penetrare
445 2911 532 2970 sinus
548 2917 642 2987 atque
657 2909 771 2968 intima
784 2913 873 2968 tutus

102 3025 198 3083 regna
213 3006 424 3067 Liburnorum
438 3011 470 3066 et
485 3006 606 3066 fontem
621 3024 768 3083 superare
784 3004 916 3079 Timavi,
