2160 3434
461 253 582 304 arara
603 253 628 304 r.
953 237 994 302 23

83 425 244 507 permittit
258 423 389 504 petria?
409 422 551 502 hospitio
565 422 768 501 prohibemur
783 422 935 497 harenae3
953 447 995 496 540

84 524 172 585 bella
186 523 278 598 cient,
294 521 458 600 primaque
472 525 583 580 vetant
596 519 769 580 consistere
783 525 877 579 terra.

85 621 122 680 Si
136 637 235 698 genus
249 618 421 678 humanum
436 623 468 677 et
483 616 631 676 mortalia
644 616 788 676 temnitis
803 634 898 690 arma,

85 723 121 778 at
134 721 259 795 sperate
274 714 348 775 deos
363 732 516 774 memores
531 713 621 773 fandi
635 719 731 791 atque
744 712 884 772 nefandi.

84 815 157 874 Rex
172 817 241 873 erat
253 812 377 872 Aeneas
392 810 491 884 nobis,
507 829 569 888 quo
584 810 697 870 iustior
710 810 791 870 alter

84 929 145 970 nec
158 909 279 989 pietate
294 909 358 968 fnit
371 927 429 968 nec
443 907 527 968 bello
542 907 641 967 maior
656 913 688 967 et
702 907 814 967 armis:
951 933 990 981 545

85 1026 182 1086 quem
196 1006 225 1066 si
236 1007 307 1066 fata
320 1005 424 1065 virum
439 1010 575 1080 servant,
591 1005 619 1065 si
633 1004 772 1065 vescitur
785 1023 862 1064 aura

84 1103 229 1166 aetheria
242 1120 343 1180 neque
357 1101 460 1163 adhuc
472 1101 652 1162 crudelibus
666 1102 797 1162 occubat
810 1101 939 1177 umbris,

84 1220 152 1261 non
165 1205 278 1261 metus.
321 1198 430 1261 Officio
444 1217 502 1258 nec
516 1203 548 1258 te
562 1204 699 1259 certasse
714 1199 852 1276 priorem

84 1297 266 1378 paeniteat:
289 1301 410 1357 suntet
424 1296 540 1356 Siculis
556 1294 733 1372 regionibus
748 1296 840 1356 urbes

84 1412 246 1472 armaque,
256 1393 454 1470 Troianoque
469 1411 489 1453 a
502 1393 654 1470 sanguine
668 1392 771 1452 clerus
786 1393 927 1453 Acestes.
951 1419 992 1468 550

86 1493 275 1562 Quassatam
288 1490 394 1550 ventis
408 1490 504 1550 liceat
517 1490 691 1550 subducere
706 1489 839 1550 classem

85 1594 119 1648 et
134 1588 224 1648 silvis
239 1593 348 1666 aptare
361 1588 467 1647 trabes
482 1593 514 1647 et
529 1587 683 1663 stringere
699 1605 816 1646 remos:

85 1685 116 1746 si
129 1686 224 1744 datur
238 1684 375 1759 Italiam,
392 1684 484 1744 sociis
499 1690 531 1744 et
545 1702 618 1760 rege
632 1689 767 1761 recepto,

85 1782 225 1856 tendere,
241 1787 277 1841 ut
292 1781 421 1841 Italiam
434 1781 512 1841 laeti
526 1781 715 1858 Latiumque
729 1785 891 1858 petamus,

87 1879 139 1939 sin
149 1879 316 1956 absumpta
327 1878 421 1952 salus,
434 1883 466 1938 et
478 1884 520 1954 te,
532 1883 622 1955 pater
633 1883 760 1955 optume
770 1879 932 1953 Teucrum,
952 1904 991 1953 555

85 1979 205 2054 pontus
219 1975 316 2035 habet
330 1975 458 2053 Libyae,
474 1993 531 2034 nec
545 1993 617 2052 spes
631 1975 695 2034 iam
709 1979 810 2059 restat
824 1975 897 2049 Iuli,

86 2078 121 2132 at
136 2072 221 2133 freta
235 2072 376 2132 Sicaniae
391 2072 505 2132 saltem
520 2071 671 2148 sedesque
686 2077 822 2150 paratas,

85 2170 172 2229 undo
185 2169 248 2230 huc
262 2169 396 2244 advecti,
411 2187 577 2246 regemque
595 2175 739 2246 petamus
755 2168 911 2229 Acesten?

88 2265 218 2325 Talibus
234 2266 392 2342 Ilioneus3
414 2265 521 2326 cuncti
535 2265 631 2325 simul
645 2284 698 2325 oro
713 2266 903 2326 fremebant·

87 2362 299 2423 Dardanidae.
954 2379 995 2438 5⁶0
1074 2391 1078 2402 ¹

213 2541 281 2588 Dido
291 2540 421 2589 melcomcc
432 2541 501 2588 them
512 2541 565 2588 aad
574 2542 650 2600 offers
661 2540 729 2587 them
740 2553 756 2588 a
767 2541 867 2611 circiter.

130 2652 212 2710 Tum
226 2651 365 2711 breviter
379 2651 463 2710 Dido
476 2651 599 2710 voltum
614 2650 751 2710 demissa
765 2651 924 2728 profatur:

90 2747 229 2808 ‘Solvite
244 2748 336 2808 corde
350 2753 479 2823 metum,
495 2748 616 2822 Teucri,
633 2748 787 2808 secludite
801 2766 900 2808 curas.

89 2845 155 2904 Res
170 2845 248 2904 dura
263 2851 295 2904 et
309 2845 398 2922 regni
412 2845 538 2904 novitas
554 2863 603 2904 me
617 2844 697 2904 talia
710 2851 827 2921 cogunt

89 2941 205 3016 moliri,
220 2947 253 3001 et
266 2941 331 3001 late
344 2941 417 3001 finis
433 2942 562 3002 custode
576 2941 669 3002 tueri.

90 3037 167 3108 Quis
183 3056 281 3115 genus
296 3039 488 3113 Aeneadum,
504 3037 575 3117 quis
591 3039 704 3100 Troiae
717 3039 846 3099 nesciat
853 3039 987 3108 urbem,
