2160 3434
88 236 130 301 22
435 249 646 302 nnnnrnos.

86 419 309 495 Dissimulant,
325 427 357 480 et
371 421 453 480 nube
468 439 546 481 cava
560 420 765 498 speculantur
778 421 896 495 amicti,

48 511 52 518 ’
87 536 167 594 quae
182 517 310 577 fortuna
324 517 411 592 viris,
427 517 559 578 classem
574 536 637 595 quo
650 517 745 577 litore
759 517 915 595 linquant,

87 615 165 692 quid
178 614 324 674 veniant:
347 614 468 674 cunctis
483 633 555 674 nam
569 614 644 674 lecti
658 614 791 674 navibus
806 614 896 674 ibant

86 717 211 771 orantes
226 711 359 787 veniam,
375 717 408 771 et
421 711 575 788 templum
589 711 723 771 clamore
738 711 897 788 petebant.
951 739 995 787 519

85 914 209 972 Ilioneus,
226 928 255 962 os
276 916 342 962 their
358 914 518 972 rpoaermoa
540 915 599 971 begs
613 915 661 971 sor
672 915 831 971 permissioc
846 919 871 961 to
887 912 993 962 rebuild

270 990 337 1036 their
346 989 426 1047 ships,
438 989 491 1035 ond
501 988 551 1036 soil
562 993 586 1034 to
597 988 679 1046 Sicily
690 1000 719 1035 or
729 987 807 1046 Italy.
983 988 987 996 '

126 1097 299 1174 Postquam
314 1095 500 1172 introgressi
514 1100 547 1155 ct
561 1113 666 1155 coram
680 1095 756 1155 data
769 1095 860 1173 copia
873 1095 973 1171 fandi,

87 1193 241 1253 maximus
257 1193 397 1252 Ilioneus
411 1192 536 1271 placido
551 1192 596 1251 sic
609 1198 735 1270 pectore
749 1192 870 1270 coepit:

7 1357 10 1362 ,
88 1291 131 1351 ⁴0
146 1290 262 1367 regina,
278 1309 392 1350 novam
407 1291 458 1350 cni
472 1290 605 1350 condere
621 1290 766 1367 Iuppiter
779 1289 888 1349 urbem

86 1387 272 1464 iustitiaque
288 1387 376 1447 dedit
391 1387 493 1463 gentis
508 1387 635 1447 frenare
650 1386 809 1464 superbas,

87 1486 183 1544 Troes
197 1488 230 1544 te
244 1483 360 1558 miseri,
376 1483 480 1543 ventis
495 1483 595 1542 maria
609 1483 714 1542 omnia
727 1483 821 1557 vecti,

86 1599 227 1641 oramus:
249 1580 380 1658 prohibe
395 1580 542 1640 infandos
556 1598 576 1639 a
590 1580 722 1640 navibus
737 1579 831 1657 ignis,
948 1607 989 1656 525

85 1697 178 1756 parco
192 1679 244 1756 pio
259 1677 374 1754 generi,
390 1683 422 1736 et
435 1677 564 1755 propius
580 1695 629 1736 res
645 1676 750 1754 aspice
765 1681 899 1736 nostras

85 1777 117 1835 N
119 1794 161 1835 on
173 1793 230 1834 nos
246 1780 301 1835 aut
315 1774 400 1834 ferro
415 1774 551 1852 Libycos
566 1773 717 1851 populare
731 1773 862 1833 Penatis

85 1872 238 1947 venimus,
255 1876 310 1931 aut
324 1876 431 1949 raptas
445 1872 486 1930 ad
499 1870 595 1930 litora
608 1875 731 1930 vertere
746 1871 897 1948 praedas;

86 1988 149 2029 non
163 1988 200 2029 ea
214 1969 262 2028 vis
277 1968 382 2028 animo
396 1986 453 2028 noc
467 1973 557 2027 tanta
571 1967 717 2044 superbia
730 1967 833 2027 victis.

85 2068 145 2126 Est
158 2066 254 2141 locus,
271 2064 460 2143 Hesperiam
474 2064 552 2125 Grai
565 2064 749 2141 cognomine
763 2063 880 2139 dicunt,
949 2091 993 2140 530

86 2169 171 2223 terra
184 2163 324 2240 antiqua,
341 2168 452 2240 potens
468 2161 563 2221 armis
579 2166 674 2238 atque
688 2161 783 2220 ubere
799 2161 942 2238 glaebae3

86 2260 218 2321 Oenotri
231 2259 355 2319 coluere
369 2259 448 2333 viri;
469 2277 552 2318 nunc
565 2258 652 2318 fama
666 2258 802 2318 minores

86 2356 214 2416 Italiam
229 2356 347 2416 dixisse
362 2355 450 2415 ducis
465 2355 504 2414 dc
519 2355 645 2414 nomine
661 2359 793 2431 gentem.

86 2455 148 2513 Hic
165 2472 275 2513 cursus
289 2453 362 2527 fuit,

86 2569 157 2610 oum
172 2550 276 2609 subito
291 2550 463 2625 adsurgens
477 2548 576 2608 fluctu
590 2547 752 2607 nimbosus
769 2546 866 2608 Orion
949 2575 991 2624 535

86 2648 120 2706 in
134 2647 215 2706 rada
229 2664 321 2707 caeca
333 2645 418 2720 tulit,
434 2645 622 2722 penitusque
638 2644 820 2722 procacibus
835 2643 952 2704 austris

86 2763 204 2823 perque
217 2744 326 2817 undas,
343 2746 510 2820 superante
525 2741 601 2816 salo,
616 2759 733 2819 perque
748 2741 837 2800 invia
850 2759 927 2800 saxa

86 2840 237 2918 dispulit:
259 2841 321 2900 huo
335 2838 427 2917 pauci
441 2838 556 2898 vestris
571 2837 756 2898 adnavimus
772 2838 843 2897 oris.

87 2938 177 3009 Quod
192 2955 288 3014 genus
310 2937 369 2995 hoc
388 2935 578 2995 hominum?
600 2953 718 3013 quaeve
740 2935 823 2994 hunc
844 2940 910 2994 tam
925 2934 994 2994 bar-

167 3035 243 3094 bara
256 3051 374 3092 morem
