<?xml version="1.0" encoding="UTF-8"?>
<!DOCTYPE html PUBLIC "-//W3C//DTD XHTML 1.0 Transitional//EN"
    "http://www.w3.org/TR/xhtml1/DTD/xhtml1-transitional.dtd">
<html xmlns="http://www.w3.org/1999/xhtml" xml:lang="en" lang="en">
 <head>
  <title>
</title>
<meta http-equiv="Content-Type" content="text/html;charset=utf-8" />
  <meta name='ocr-system' content='tesseract 3.04.00' />
  <meta name='ocr-capabilities' content='ocr_page ocr_carea ocr_par ocr_line ocrx_word'/>
</head>
<body>
  <div class='ocr_page' id='page_1' title='image "aeneidosliberse00walpgoog_0039.png"; bbox 0 0 2160 3434; ppageno 0'>
   <div class='ocr_carea' id='block_1_1' title="bbox 86 243 646 312">
    <p class='ocr_par' dir='ltr' id='par_1_1' title="bbox 86 243 646 312">
     <span class='ocr_line' id='line_1_1' title="bbox 86 243 646 312; baseline 0 -2"><span class='ocrx_word' id='word_1_1' title='bbox 86 243 130 310; x_wconf 76' lang='lat'><strong>24</strong></span> <span class='ocrx_word' id='word_1_2' title='bbox 435 257 646 312; x_wconf 70' lang='lat' dir='ltr'><strong>susurros.</strong></span> 
     </span>
    </p>
   </div>
   <div class='ocr_carea' id='block_1_2' title="bbox 84 429 993 992">
    <p class='ocr_par' dir='ltr' id='par_1_2' title="bbox 84 429 993 604">
     <span class='ocr_line' id='line_1_2' title="bbox 84 429 993 508; baseline 0.003 -19"><span class='ocrx_word' id='word_1_3' title='bbox 84 430 282 508; x_wconf 76' lang='lat' dir='ltr'><strong>virtutesque</strong></span> <span class='ocrx_word' id='word_1_4' title='bbox 296 429 443 508; x_wconf 89' lang='lat' dir='ltr'><strong>virosque</strong></span> <span class='ocrx_word' id='word_1_5' title='bbox 456 435 513 490; x_wconf 88' lang='lat' dir='ltr'><strong>aut</strong></span> <span class='ocrx_word' id='word_1_6' title='bbox 526 429 610 490; x_wconf 86' lang='lat' dir='ltr'><strong>tanti</strong></span> <span class='ocrx_word' id='word_1_7' title='bbox 623 429 770 491; x_wconf 89' lang='lat' dir='ltr'><strong>incendia</strong></span> <span class='ocrx_word' id='word_1_8' title='bbox 782 430 885 502; x_wconf 81' lang='lat' dir='ltr'><strong>belli?</strong></span> <span class='ocrx_word' id='word_1_9' title='bbox 949 447 993 506; x_wconf 80' lang='lat'><strong>5⁶6</strong></span> 
     </span>
     <span class='ocr_line' id='line_1_3' title="bbox 85 527 812 604; baseline 0 -18"><span class='ocrx_word' id='word_1_10' title='bbox 85 527 158 586; x_wconf 88' lang='lat' dir='ltr'><strong>Non</strong></span> <span class='ocrx_word' id='word_1_11' title='bbox 173 527 285 587; x_wconf 91' lang='lat' dir='ltr'><strong>obtusa</strong></span> <span class='ocrx_word' id='word_1_12' title='bbox 298 527 375 587; x_wconf 86' lang='lat' dir='ltr'><strong>adeo</strong></span> <span class='ocrx_word' id='word_1_13' title='bbox 391 531 548 604; x_wconf 83' lang='lat' dir='ltr'><strong>gestamus</strong></span> <span class='ocrx_word' id='word_1_14' title='bbox 563 532 691 604; x_wconf 86' lang='lat' dir='ltr'><strong>pectora</strong></span> <span class='ocrx_word' id='word_1_15' title='bbox 704 527 812 602; x_wconf 88' lang='lat' dir='ltr'><strong>Poeni,</strong></span> 
     </span>
    </p>

    <p class='ocr_par' dir='ltr' id='par_1_3' title="bbox 85 624 928 799">
     <span class='ocr_line' id='line_1_4' title="bbox 85 624 928 702; baseline 0.002 -19"><span class='ocrx_word' id='word_1_16' title='bbox 85 642 142 684; x_wconf 91' lang='lat' dir='ltr'><strong>nec</strong></span> <span class='ocrx_word' id='word_1_17' title='bbox 156 629 222 683; x_wconf 86' lang='lat' dir='ltr'><strong>tam</strong></span> <span class='ocrx_word' id='word_1_18' title='bbox 235 641 364 684; x_wconf 81' lang='lat' dir='ltr'><strong>aversus</strong></span> <span class='ocrx_word' id='word_1_19' title='bbox 379 642 475 702; x_wconf 90' lang='lat' dir='ltr'><strong>equos</strong></span> <span class='ocrx_word' id='word_1_20' title='bbox 491 624 589 702; x_wconf 80' lang='lat' dir='ltr'><strong>Tyria</strong></span> <span class='ocrx_word' id='word_1_21' title='bbox 602 624 657 684; x_wconf 83' lang='lat' dir='ltr'><strong>Sol</strong></span> <span class='ocrx_word' id='word_1_22' title='bbox 671 624 774 701; x_wconf 88' lang='lat' dir='ltr'><strong>iungit</strong></span> <span class='ocrx_word' id='word_1_23' title='bbox 789 624 828 683; x_wconf 88' lang='lat' dir='ltr'><strong>ab</strong></span> <span class='ocrx_word' id='word_1_24' title='bbox 841 624 928 686; x_wconf 85' lang='lat' dir='ltr'><strong>urbe.</strong></span> 
     </span>
     <span class='ocr_line' id='line_1_5' title="bbox 86 720 899 799; baseline -0.001 -18"><span class='ocrx_word' id='word_1_25' title='bbox 86 721 149 781; x_wconf 83' lang='lat' dir='ltr'><strong>Seu</strong></span> <span class='ocrx_word' id='word_1_26' title='bbox 161 738 218 780; x_wconf 82' lang='lat' dir='ltr'><strong>vos</strong></span> <span class='ocrx_word' id='word_1_27' title='bbox 233 721 423 798; x_wconf 79' lang='lat' dir='ltr'><strong>Hesperiam</strong></span> <span class='ocrx_word' id='word_1_28' title='bbox 436 739 582 798; x_wconf 86' lang='lat' dir='ltr'><strong>magnam</strong></span> <span class='ocrx_word' id='word_1_29' title='bbox 598 720 808 799; x_wconf 83' lang='lat' dir='ltr'><strong>Saturniaque</strong></span> <span class='ocrx_word' id='word_1_30' title='bbox 822 738 899 780; x_wconf 89' lang='lat' dir='ltr'><strong>arva</strong></span> 
     </span>
    </p>

    <p class='ocr_par' dir='ltr' id='par_1_4' title="bbox 85 800 992 992">
     <span class='ocr_line' id='line_1_6' title="bbox 86 800 992 895; baseline 0.002 -19"><span class='ocrx_word' id='word_1_31' title='bbox 86 800 153 877; x_wconf 63' lang='lat' dir='ltr'><strong>siv&#39;e</strong></span> <span class='ocrx_word' id='word_1_32' title='bbox 167 817 279 895; x_wconf 78' lang='lat' dir='ltr'><strong>Erycis</strong></span> <span class='ocrx_word' id='word_1_33' title='bbox 293 817 366 876; x_wconf 89' lang='lat' dir='ltr'><strong>finis</strong></span> <span class='ocrx_word' id='word_1_34' title='bbox 381 835 548 894; x_wconf 81' lang='lat' dir='ltr'><strong>regemque</strong></span> <span class='ocrx_word' id='word_1_35' title='bbox 562 817 680 895; x_wconf 85' lang='lat' dir='ltr'><strong>optatis</strong></span> <span class='ocrx_word' id='word_1_36' title='bbox 695 816 840 893; x_wconf 80' lang='lat' dir='ltr'><strong>Acesten,</strong></span> <span class='ocrx_word' id='word_1_37' title='bbox 949 843 992 893; x_wconf 82' lang='lat'><strong>570</strong></span> 
     </span>
     <span class='ocr_line' id='line_1_7' title="bbox 85 913 807 992; baseline 0.001 -18"><span class='ocrx_word' id='word_1_38' title='bbox 85 914 204 974; x_wconf 83' lang='lat' dir='ltr'><strong>auxilio</strong></span> <span class='ocrx_word' id='word_1_39' title='bbox 217 919 304 974; x_wconf 92' lang='lat' dir='ltr'><strong>tutos</strong></span> <span class='ocrx_word' id='word_1_40' title='bbox 320 913 479 974; x_wconf 89' lang='lat' dir='ltr'><strong>dimittam</strong></span> <span class='ocrx_word' id='word_1_41' title='bbox 494 914 669 992; x_wconf 90' lang='lat' dir='ltr'><strong>opibusque</strong></span> <span class='ocrx_word' id='word_1_42' title='bbox 683 913 807 975; x_wconf 88' lang='lat' dir='ltr'><strong>iuvabo.</strong></span> 
     </span>
    </p>
   </div>
   <div class='ocr_carea' id='block_1_3' title="bbox 1 1010 893 1089">
    <p class='ocr_par' dir='ltr' id='par_1_5' title="bbox 1 1010 893 1089">
     <span class='ocr_line' id='line_1_8' title="bbox 1 1010 893 1089; baseline 0 -18"><span class='ocrx_word' id='word_1_43' title='bbox 1 1081 3 1085; x_wconf 14' lang='lat'><em>7</em></span> <span class='ocrx_word' id='word_1_44' title='bbox 84 1010 189 1071; x_wconf 90' lang='lat' dir='ltr'><strong>Voltis</strong></span> <span class='ocrx_word' id='word_1_45' title='bbox 204 1011 301 1070; x_wconf 91' lang='lat' dir='ltr'><strong>ethis</strong></span> <span class='ocrx_word' id='word_1_46' title='bbox 315 1029 437 1070; x_wconf 90' lang='lat' dir='ltr'><strong>mecum</strong></span> <span class='ocrx_word' id='word_1_47' title='bbox 451 1011 571 1089; x_wconf 87' lang='lat' dir='ltr'><strong>pariter</strong></span> <span class='ocrx_word' id='word_1_48' title='bbox 584 1010 746 1072; x_wconf 91' lang='lat' dir='ltr'><strong>considere</strong></span> <span class='ocrx_word' id='word_1_49' title='bbox 761 1011 893 1087; x_wconf 87' lang='lat' dir='ltr'><strong>regnis?</strong></span> 
     </span>
    </p>
   </div>
   <div class='ocr_carea' id='block_1_4' title="bbox 84 1107 990 1670">
    <p class='ocr_par' dir='ltr' id='par_1_6' title="bbox 84 1107 990 1573">
     <span class='ocr_line' id='line_1_9' title="bbox 86 1107 960 1185; baseline 0.002 -19"><span class='ocrx_word' id='word_1_50' title='bbox 86 1107 206 1167; x_wconf 90' lang='lat' dir='ltr'><strong>Urbem</strong></span> <span class='ocrx_word' id='word_1_51' title='bbox 220 1125 315 1185; x_wconf 88' lang='lat' dir='ltr'><strong>quam</strong></span> <span class='ocrx_word' id='word_1_52' title='bbox 330 1113 444 1181; x_wconf 83' lang='lat' dir='ltr'><strong>statuo,</strong></span> <span class='ocrx_word' id='word_1_53' title='bbox 460 1112 567 1168; x_wconf 85' lang='lat' dir='ltr'><strong>vestra</strong></span> <span class='ocrx_word' id='word_1_54' title='bbox 581 1113 647 1184; x_wconf 85' lang='lat' dir='ltr'><strong>est3</strong></span> <span class='ocrx_word' id='word_1_55' title='bbox 669 1107 834 1168; x_wconf 84' lang='lat' dir='ltr'><strong>subducite</strong></span> <span class='ocrx_word' id='word_1_56' title='bbox 848 1107 940 1168; x_wconf 89' lang='lat' dir='ltr'><strong>navis</strong></span> <span class='ocrx_word' id='word_1_57' title='bbox 952 1130 960 1184; x_wconf 83' lang='lat'>3</span> 
     </span>
     <span class='ocr_line' id='line_1_10' title="bbox 85 1203 879 1283; baseline -0.001 -20"><span class='ocrx_word' id='word_1_58' title='bbox 85 1206 163 1264; x_wconf 81' lang='lat' dir='ltr'><strong>Tros</strong></span> <span class='ocrx_word' id='word_1_59' title='bbox 178 1204 356 1283; x_wconf 83' lang='lat' dir='ltr'><strong>Tyriusque</strong></span> <span class='ocrx_word' id='word_1_60' title='bbox 370 1203 450 1263; x_wconf 90' lang='lat' dir='ltr'><strong>mihi</strong></span> <span class='ocrx_word' id='word_1_61' title='bbox 464 1204 551 1264; x_wconf 91' lang='lat' dir='ltr'><strong>nullo</strong></span> <span class='ocrx_word' id='word_1_62' title='bbox 566 1204 747 1265; x_wconf 87' lang='lat' dir='ltr'><strong>discrimine</strong></span> <span class='ocrx_word' id='word_1_63' title='bbox 761 1209 879 1281; x_wconf 86' lang='lat' dir='ltr'><strong>agetur.</strong></span> 
     </span>
     <span class='ocr_line' id='line_1_11' title="bbox 84 1300 990 1380; baseline 0.002 -20"><span class='ocrx_word' id='word_1_64' title='bbox 84 1300 192 1379; x_wconf 83' lang='lat' dir='ltr'><strong>Atque</strong></span> <span class='ocrx_word' id='word_1_65' title='bbox 206 1301 330 1361; x_wconf 87' lang='lat' dir='ltr'><strong>utinam</strong></span> <span class='ocrx_word' id='word_1_66' title='bbox 344 1320 400 1361; x_wconf 86' lang='lat' dir='ltr'><strong>rex</strong></span> <span class='ocrx_word' id='word_1_67' title='bbox 413 1300 482 1379; x_wconf 91' lang='lat' dir='ltr'><strong>ipse</strong></span> <span class='ocrx_word' id='word_1_68' title='bbox 496 1303 582 1361; x_wconf 86' lang='lat' dir='ltr'><strong>Noto</strong></span> <span class='ocrx_word' id='word_1_69' title='bbox 597 1302 776 1380; x_wconf 90' lang='lat' dir='ltr'><strong>compulsus</strong></span> <span class='ocrx_word' id='word_1_70' title='bbox 792 1301 901 1362; x_wconf 92' lang='lat' dir='ltr'><strong>eodem</strong></span> <span class='ocrx_word' id='word_1_71' title='bbox 949 1327 990 1377; x_wconf 80' lang='lat'><strong>575</strong></span> 
     </span>
     <span class='ocr_line' id='line_1_12' title="bbox 85 1397 827 1476; baseline 0.001 -18"><span class='ocrx_word' id='word_1_72' title='bbox 85 1399 209 1458; x_wconf 80' lang='lat' dir='ltr'><strong>adforet</strong></span> <span class='ocrx_word' id='word_1_73' title='bbox 223 1397 365 1458; x_wconf 83' lang='lat' dir='ltr'><strong>Aeneas!</strong></span> <span class='ocrx_word' id='word_1_74' title='bbox 387 1399 532 1476; x_wconf 89' lang='lat' dir='ltr'><strong>equidem</strong></span> <span class='ocrx_word' id='word_1_75' title='bbox 546 1417 603 1476; x_wconf 90' lang='lat' dir='ltr'><strong>per</strong></span> <span class='ocrx_word' id='word_1_76' title='bbox 617 1398 712 1470; x_wconf 89' lang='lat' dir='ltr'><strong>litora</strong></span> <span class='ocrx_word' id='word_1_77' title='bbox 726 1403 827 1459; x_wconf 88' lang='lat' dir='ltr'><strong>certos</strong></span> 
     </span>
     <span class='ocr_line' id='line_1_13' title="bbox 85 1495 866 1573; baseline 0 -18"><span class='ocrx_word' id='word_1_78' title='bbox 85 1495 244 1556; x_wconf 87' lang='lat' dir='ltr'><strong>dimittam</strong></span> <span class='ocrx_word' id='word_1_79' title='bbox 259 1501 292 1555; x_wconf 91' lang='lat' dir='ltr'><strong>et</strong></span> <span class='ocrx_word' id='word_1_80' title='bbox 305 1495 425 1573; x_wconf 86' lang='lat' dir='ltr'><strong>Libyae</strong></span> <span class='ocrx_word' id='word_1_81' title='bbox 440 1496 576 1556; x_wconf 89' lang='lat' dir='ltr'><strong>lustrare</strong></span> <span class='ocrx_word' id='word_1_82' title='bbox 591 1500 732 1555; x_wconf 84' lang='lat' dir='ltr'><strong>extrema</strong></span> <span class='ocrx_word' id='word_1_83' title='bbox 745 1496 866 1571; x_wconf 90' lang='lat' dir='ltr'><strong>iubeb0,</strong></span> 
     </span>
    </p>

    <p class='ocr_par' dir='ltr' id='par_1_7' title="bbox 86 1592 813 1670">
     <span class='ocr_line' id='line_1_14' title="bbox 86 1592 813 1670; baseline 0 -18"><span class='ocrx_word' id='word_1_84' title='bbox 86 1592 115 1652; x_wconf 91' lang='lat' dir='ltr'><strong>si</strong></span> <span class='ocrx_word' id='word_1_85' title='bbox 128 1592 242 1670; x_wconf 91' lang='lat' dir='ltr'><strong>quibus</strong></span> <span class='ocrx_word' id='word_1_86' title='bbox 257 1592 376 1652; x_wconf 85' lang='lat' dir='ltr'><strong>eiectus</strong></span> <span class='ocrx_word' id='word_1_87' title='bbox 391 1592 481 1652; x_wconf 87' lang='lat' dir='ltr'><strong>silvis</strong></span> <span class='ocrx_word' id='word_1_88' title='bbox 496 1598 551 1652; x_wconf 87' lang='lat' dir='ltr'><strong>aut</strong></span> <span class='ocrx_word' id='word_1_89' title='bbox 566 1592 694 1652; x_wconf 88' lang='lat' dir='ltr'><strong>urbibus</strong></span> <span class='ocrx_word' id='word_1_90' title='bbox 709 1593 813 1652; x_wconf 68' lang='lat' dir='ltr'><strong>errat!</strong></span> 
     </span>
    </p>
   </div>
   <div class='ocr_carea' id='block_1_5' title="bbox 85 1795 995 2830">
    <p class='ocr_par' dir='ltr' id='par_1_8' title="bbox 86 1795 995 1929">
     <span class='ocr_line' id='line_1_15' title="bbox 86 1795 995 1854; baseline -0.001 -12"><span class='ocrx_word' id='word_1_91' title='bbox 86 1796 187 1844; x_wconf 81' lang='lat' dir='ltr'><strong>Aeaeos</strong></span> <span class='ocrx_word' id='word_1_92' title='bbox 208 1795 262 1842; x_wconf 82' lang='lat' dir='ltr'><strong>aad</strong></span> <span class='ocrx_word' id='word_1_93' title='bbox 281 1795 393 1842; x_wconf 70' lang='lat' dir='ltr'><strong>Achates</strong></span> <span class='ocrx_word' id='word_1_94' title='bbox 414 1795 512 1842; x_wconf 83' lang='lat' dir='ltr'><strong>become</strong></span> <span class='ocrx_word' id='word_1_95' title='bbox 530 1795 636 1843; x_wconf 76' lang='lat' dir='ltr'><strong>vieille:</strong></span> <span class='ocrx_word' id='word_1_96' title='bbox 652 1796 692 1843; x_wconf 72' lang='lat' dir='ltr'><strong>the</strong></span> <span class='ocrx_word' id='word_1_97' title='bbox 714 1797 851 1843; x_wconf 80' lang='lat' dir='ltr'><strong>beauteous</strong></span> <span class='ocrx_word' id='word_1_98' title='bbox 868 1806 945 1854; x_wconf 71' lang='lat' dir='ltr'><strong>groco</strong></span> <span class='ocrx_word' id='word_1_99' title='bbox 963 1795 995 1854; x_wconf 80' lang='lat' dir='ltr'><strong>of</strong></span> 
     </span>
     <span class='ocr_line' id='line_1_16' title="bbox 170 1869 854 1929; baseline 0 -13"><span class='ocrx_word' id='word_1_100' title='bbox 170 1916 173 1922; x_wconf 77' lang='grc'>,</span> <span class='ocrx_word' id='word_1_101' title='bbox 221 1869 331 1927; x_wconf 78' lang='lat' dir='ltr'><strong>Aeacos,</strong></span> <span class='ocrx_word' id='word_1_102' title='bbox 342 1869 398 1917; x_wconf 75' lang='lat' dir='ltr'><strong>wlco</strong></span> <span class='ocrx_word' id='word_1_103' title='bbox 409 1869 504 1917; x_wconf 72' lang='lat' dir='ltr'><strong>theate</strong></span> <span class='ocrx_word' id='word_1_104' title='bbox 513 1869 581 1917; x_wconf 82' lang='lat' dir='ltr'><strong>Dido</strong></span> <span class='ocrx_word' id='word_1_105' title='bbox 586 1871 634 1928; x_wconf 80' lang='lat' dir='ltr'><strong>for</strong></span> <span class='ocrx_word' id='word_1_106' title='bbox 644 1871 690 1916; x_wconf 78' lang='lat' dir='ltr'><strong>ber</strong></span> <span class='ocrx_word' id='word_1_107' title='bbox 700 1871 854 1929; x_wconf 69' lang='lat' dir='ltr'><strong>qenerositg.</strong></span> 
     </span>
    </p>

    <p class='ocr_par' dir='ltr' id='par_1_9' title="bbox 85 1975 993 2830">
     <span class='ocr_line' id='line_1_17' title="bbox 126 1975 888 2037; baseline 0 -1"><span class='ocrx_word' id='word_1_108' title='bbox 126 1976 187 2037; x_wconf 89' lang='lat' dir='ltr'><strong>His</strong></span> <span class='ocrx_word' id='word_1_109' title='bbox 203 1977 341 2036; x_wconf 88' lang='lat' dir='ltr'><strong>animum</strong></span> <span class='ocrx_word' id='word_1_110' title='bbox 355 1975 470 2036; x_wconf 90' lang='lat' dir='ltr'><strong>arrecti</strong></span> <span class='ocrx_word' id='word_1_111' title='bbox 485 1976 578 2036; x_wconf 90' lang='lat' dir='ltr'><strong>dictis</strong></span> <span class='ocrx_word' id='word_1_112' title='bbox 593 1981 627 2036; x_wconf 89' lang='lat' dir='ltr'><strong>et</strong></span> <span class='ocrx_word' id='word_1_113' title='bbox 640 1977 734 2037; x_wconf 86' lang='lat' dir='ltr'><strong>fortis</strong></span> <span class='ocrx_word' id='word_1_114' title='bbox 750 1975 888 2037; x_wconf 88' lang='lat' dir='ltr'><strong>Achates</strong></span> 
     </span>
     <span class='ocr_line' id='line_1_18' title="bbox 86 2072 993 2152; baseline 0.001 -18"><span class='ocrx_word' id='word_1_115' title='bbox 86 2079 118 2134; x_wconf 88' lang='lat' dir='ltr'><strong>et</strong></span> <span class='ocrx_word' id='word_1_116' title='bbox 132 2079 222 2152; x_wconf 85' lang='lat' dir='ltr'><strong>pater</strong></span> <span class='ocrx_word' id='word_1_117' title='bbox 236 2072 360 2134; x_wconf 87' lang='lat' dir='ltr'><strong>Aeneas</strong></span> <span class='ocrx_word' id='word_1_118' title='bbox 376 2072 559 2133; x_wconf 89' lang='lat' dir='ltr'><strong>iamdudum</strong></span> <span class='ocrx_word' id='word_1_119' title='bbox 574 2093 736 2152; x_wconf 91' lang='lat' dir='ltr'><strong>erumpere</strong></span> <span class='ocrx_word' id='word_1_120' title='bbox 751 2074 865 2134; x_wconf 90' lang='lat' dir='ltr'><strong>nubem</strong></span> <span class='ocrx_word' id='word_1_121' title='bbox 949 2087 993 2149; x_wconf 80' lang='lat'><strong>580</strong></span> 
     </span>
     <span class='ocr_line' id='line_1_19' title="bbox 85 2169 877 2249; baseline -0.001 -18"><span class='ocrx_word' id='word_1_122' title='bbox 85 2170 246 2231; x_wconf 88' lang='lat' dir='ltr'><strong>ardebant.</strong></span> <span class='ocrx_word' id='word_1_123' title='bbox 288 2170 380 2230; x_wconf 90' lang='lat' dir='ltr'><strong>Prior</strong></span> <span class='ocrx_word' id='word_1_124' title='bbox 394 2169 524 2230; x_wconf 90' lang='lat' dir='ltr'><strong>Aenean</strong></span> <span class='ocrx_word' id='word_1_125' title='bbox 538 2171 707 2249; x_wconf 86' lang='lat' dir='ltr'><strong>compellat</strong></span> <span class='ocrx_word' id='word_1_126' title='bbox 722 2170 877 2231; x_wconf 88' lang='lat' dir='ltr'><strong>Achates:</strong></span> 
     </span>
     <span class='ocr_line' id='line_1_20' title="bbox 87 2267 896 2346; baseline -0.001 -19"><span class='ocrx_word' id='word_1_127' title='bbox 87 2269 186 2328; x_wconf 86' lang='lat' dir='ltr'><strong>‘Nate</strong></span> <span class='ocrx_word' id='word_1_128' title='bbox 200 2269 267 2343; x_wconf 90' lang='lat' dir='ltr'><strong>dea,</strong></span> <span class='ocrx_word' id='word_1_129' title='bbox 283 2286 363 2346; x_wconf 90' lang='lat' dir='ltr'><strong>quae</strong></span> <span class='ocrx_word' id='word_1_130' title='bbox 377 2286 460 2327; x_wconf 91' lang='lat' dir='ltr'><strong>nunc</strong></span> <span class='ocrx_word' id='word_1_131' title='bbox 475 2268 580 2328; x_wconf 92' lang='lat' dir='ltr'><strong>animo</strong></span> <span class='ocrx_word' id='word_1_132' title='bbox 596 2268 754 2328; x_wconf 87' lang='lat' dir='ltr'><strong>sententia</strong></span> <span class='ocrx_word' id='word_1_133' title='bbox 768 2267 896 2344; x_wconf 85' lang='lat' dir='ltr'><strong>surgit?</strong></span> 
     </span>
     <span class='ocr_line' id='line_1_21' title="bbox 86 2364 897 2443; baseline -0.006 -17"><span class='ocrx_word' id='word_1_134' title='bbox 86 2365 200 2426; x_wconf 88' lang='lat' dir='ltr'><strong>Omnia</strong></span> <span class='ocrx_word' id='word_1_135' title='bbox 213 2369 284 2424; x_wconf 90' lang='lat' dir='ltr'><strong>tuta</strong></span> <span class='ocrx_word' id='word_1_136' title='bbox 298 2364 396 2439; x_wconf 87' lang='lat' dir='ltr'><strong>vides,</strong></span> <span class='ocrx_word' id='word_1_137' title='bbox 413 2365 545 2425; x_wconf 88' lang='lat' dir='ltr'><strong>classem</strong></span> <span class='ocrx_word' id='word_1_138' title='bbox 561 2365 722 2442; x_wconf 91' lang='lat' dir='ltr'><strong>sociosque</strong></span> <span class='ocrx_word' id='word_1_139' title='bbox 738 2369 897 2443; x_wconf 89' lang='lat' dir='ltr'><strong>receptos:</strong></span> 
     </span>
     <span class='ocr_line' id='line_1_22' title="bbox 85 2459 899 2539; baseline -0.002 -18"><span class='ocrx_word' id='word_1_140' title='bbox 85 2480 166 2521; x_wconf 88' lang='lat' dir='ltr'><strong>unus</strong></span> <span class='ocrx_word' id='word_1_141' title='bbox 181 2462 278 2537; x_wconf 88' lang='lat' dir='ltr'><strong>abest,</strong></span> <span class='ocrx_word' id='word_1_142' title='bbox 294 2461 397 2521; x_wconf 91' lang='lat' dir='ltr'><strong>medio</strong></span> <span class='ocrx_word' id='word_1_143' title='bbox 412 2461 447 2520; x_wconf 90' lang='lat' dir='ltr'><strong>in</strong></span> <span class='ocrx_word' id='word_1_144' title='bbox 461 2461 560 2522; x_wconf 89' lang='lat' dir='ltr'><strong>fluctu</strong></span> <span class='ocrx_word' id='word_1_145' title='bbox 576 2481 668 2539; x_wconf 92' lang='lat' dir='ltr'><strong>quem</strong></span> <span class='ocrx_word' id='word_1_146' title='bbox 683 2461 822 2521; x_wconf 86' lang='lat' dir='ltr'><strong>vidimus</strong></span> <span class='ocrx_word' id='word_1_147' title='bbox 837 2459 899 2539; x_wconf 89' lang='lat' dir='ltr'><strong>ipsi</strong></span> 
     </span>
     <span class='ocr_line' id='line_1_23' title="bbox 86 2557 991 2636; baseline 0 -18"><span class='ocrx_word' id='word_1_148' title='bbox 86 2559 299 2635; x_wconf 69' lang='lat' dir='ltr'><strong>submersum</strong></span> <span class='ocrx_word' id='word_1_149' title='bbox 323 2558 416 2619; x_wconf 88' lang='lat' dir='ltr'><strong>dictis</strong></span> <span class='ocrx_word' id='word_1_150' title='bbox 432 2559 622 2636; x_wconf 88' lang='lat' dir='ltr'><strong>respondent</strong></span> <span class='ocrx_word' id='word_1_151' title='bbox 636 2564 739 2619; x_wconf 87' lang='lat' dir='ltr'><strong>cetera</strong></span> <span class='ocrx_word' id='word_1_152' title='bbox 753 2557 882 2618; x_wconf 65' lang='lat' dir='ltr'><strong>matris!</strong></span> <span class='ocrx_word' id='word_1_153' title='bbox 950 2571 991 2633; x_wconf 79' lang='lat'><strong>585</strong></span> 
     </span>
     <span class='ocr_line' id='line_1_24' title="bbox 85 2655 830 2734; baseline -0.004 -17"><span class='ocrx_word' id='word_1_154' title='bbox 85 2656 149 2717; x_wconf 89' lang='lat' dir='ltr'><strong>Vix</strong></span> <span class='ocrx_word' id='word_1_155' title='bbox 163 2674 201 2716; x_wconf 86' lang='lat' dir='ltr'><strong>ea</strong></span> <span class='ocrx_word' id='word_1_156' title='bbox 214 2656 301 2716; x_wconf 84' lang='lat' dir='ltr'><strong>fatus</strong></span> <span class='ocrx_word' id='word_1_157' title='bbox 317 2662 393 2731; x_wconf 89' lang='lat' dir='ltr'><strong>erat,</strong></span> <span class='ocrx_word' id='word_1_158' title='bbox 410 2674 481 2716; x_wconf 89' lang='lat' dir='ltr'><strong>eum</strong></span> <span class='ocrx_word' id='word_1_159' title='bbox 495 2655 687 2716; x_wconf 81' lang='lat' dir='ltr'><strong>circumfusa</strong></span> <span class='ocrx_word' id='word_1_160' title='bbox 700 2660 830 2734; x_wconf 89' lang='lat' dir='ltr'><strong>repente</strong></span> 
     </span>
     <span class='ocr_line' id='line_1_25' title="bbox 86 2752 898 2830; baseline -0.005 -16"><span class='ocrx_word' id='word_1_161' title='bbox 86 2753 203 2814; x_wconf 87' lang='lat' dir='ltr'><strong>scindit</strong></span> <span class='ocrx_word' id='word_1_162' title='bbox 217 2771 250 2813; x_wconf 91' lang='lat' dir='ltr'><strong>se</strong></span> <span class='ocrx_word' id='word_1_163' title='bbox 265 2753 363 2813; x_wconf 91' lang='lat' dir='ltr'><strong>nubes</strong></span> <span class='ocrx_word' id='word_1_164' title='bbox 379 2758 412 2812; x_wconf 91' lang='lat' dir='ltr'><strong>et</strong></span> <span class='ocrx_word' id='word_1_165' title='bbox 425 2752 459 2811; x_wconf 88' lang='lat' dir='ltr'><strong>in</strong></span> <span class='ocrx_word' id='word_1_166' title='bbox 473 2752 603 2813; x_wconf 88' lang='lat' dir='ltr'><strong>aethera</strong></span> <span class='ocrx_word' id='word_1_167' title='bbox 616 2758 731 2830; x_wconf 88' lang='lat' dir='ltr'><strong>purgat</strong></span> <span class='ocrx_word' id='word_1_168' title='bbox 745 2757 898 2830; x_wconf 89' lang='lat' dir='ltr'><strong>apertum.</strong></span> 
     </span>
    </p>
   </div>
   <div class='ocr_carea' id='block_1_6' title="bbox 86 2848 994 3121">
    <p class='ocr_par' dir='ltr' id='par_1_10' title="bbox 86 2848 994 3121">
     <span class='ocr_line' id='line_1_26' title="bbox 86 2848 797 2927; baseline -0.003 -17"><span class='ocrx_word' id='word_1_169' title='bbox 86 2850 222 2910; x_wconf 84' lang='lat' dir='ltr'><strong>Restitit</strong></span> <span class='ocrx_word' id='word_1_170' title='bbox 237 2852 360 2910; x_wconf 90' lang='lat' dir='ltr'><strong>Aeneas</strong></span> <span class='ocrx_word' id='word_1_171' title='bbox 376 2849 521 2927; x_wconf 81' lang='lat' dir='ltr'><strong>claraque</strong></span> <span class='ocrx_word' id='word_1_172' title='bbox 536 2848 569 2908; x_wconf 92' lang='lat' dir='ltr'><strong>in</strong></span> <span class='ocrx_word' id='word_1_173' title='bbox 583 2849 653 2910; x_wconf 91' lang='lat' dir='ltr'><strong>luce</strong></span> <span class='ocrx_word' id='word_1_174' title='bbox 668 2849 797 2909; x_wconf 85' lang='lat' dir='ltr'><strong>refulsit</strong></span> 
     </span>
     <span class='ocr_line' id='line_1_27' title="bbox 86 2945 940 3024; baseline -0.002 -17"><span class='ocrx_word' id='word_1_175' title='bbox 86 2967 121 3008; x_wconf 92' lang='lat' dir='ltr'><strong>os</strong></span> <span class='ocrx_word' id='word_1_176' title='bbox 136 2965 322 3024; x_wconf 90' lang='lat' dir='ltr'><strong>umerosque</strong></span> <span class='ocrx_word' id='word_1_177' title='bbox 337 2947 395 3006; x_wconf 92' lang='lat' dir='ltr'><strong>deo</strong></span> <span class='ocrx_word' id='word_1_178' title='bbox 409 2946 540 3023; x_wconf 81' lang='lat' dir='ltr'><strong>similis3</strong></span> <span class='ocrx_word' id='word_1_179' title='bbox 562 2964 698 3023; x_wconf 91' lang='lat' dir='ltr'><strong>namque</strong></span> <span class='ocrx_word' id='word_1_180' title='bbox 713 2946 783 3024; x_wconf 88' lang='lat' dir='ltr'><strong>ipsa</strong></span> <span class='ocrx_word' id='word_1_181' title='bbox 797 2945 940 3006; x_wconf 88' lang='lat' dir='ltr'><strong>decoram</strong></span> 
     </span>
     <span class='ocr_line' id='line_1_28' title="bbox 86 3042 994 3121; baseline -0.006 -15"><span class='ocrx_word' id='word_1_182' title='bbox 86 3044 255 3106; x_wconf 87' lang='lat' dir='ltr'><strong>caesariem</strong></span> <span class='ocrx_word' id='word_1_183' title='bbox 270 3049 345 3104; x_wconf 89' lang='lat' dir='ltr'><strong>nato</strong></span> <span class='ocrx_word' id='word_1_184' title='bbox 359 3042 504 3120; x_wconf 84' lang='lat' dir='ltr'><strong>genetrix</strong></span> <span class='ocrx_word' id='word_1_185' title='bbox 517 3043 687 3121; x_wconf 91' lang='lat' dir='ltr'><strong>lumenque</strong></span> <span class='ocrx_word' id='word_1_186' title='bbox 701 3043 848 3104; x_wconf 85' lang='lat' dir='ltr'><strong>iuventae</strong></span> <span class='ocrx_word' id='word_1_187' title='bbox 951 3069 994 3117; x_wconf 83' lang='lat'><strong>590</strong></span> 
     </span>
    </p>
   </div>
   <div class='ocr_carea' id='block_1_7' title="bbox 0 0 1084 3434">
    <p class='ocr_par' dir='ltr' id='par_1_11' title="bbox 0 0 1084 3434">
     <span class='ocr_line' id='line_1_29' title="bbox 0 0 1084 3434; baseline 0 0"><span class='ocrx_word' id='word_1_188' title='bbox 0 0 1084 3434; x_wconf 95' lang='lat' dir='ltr'><strong> </strong></span> 
     </span>
    </p>
   </div>
  </div>
 </body>
</html>
