2160 3434
422 243 541 294 LIBER
563 242 587 296 1.
918 227 961 290 13

53 480 176 538 usercam
195 480 219 526 la
229 482 285 526 rent
296 477 370 524 ἀοιοη
381 481 405 523 to
417 478 543 535 influencc
554 475 631 533 Dido,
646 475 731 535 Queen
741 476 772 534 os
786 474 923 533 Carthago,
935 487 962 520 ro

354 564 383 598 aa
394 556 418 598 to
430 551 545 598 welcomc
556 551 665 597 Aeneae.

97 662 187 720 Haec
201 658 256 736 ait,
272 665 305 719 et
319 658 406 719 Maia
420 658 562 736 genitum
577 657 718 718 demittit
732 657 771 717 ab
785 656 861 732 alto,

53 763 92 818 ut
105 763 208 818 terrae
222 761 320 834 utque
334 773 434 816 novae
448 760 578 833 pateant
592 753 801 831 Karthaginis
816 771 902 814 arces

53 853 194 937 hospitio
209 853 347 927 Teucris,
364 870 402 911 ne
418 852 479 912 fati
493 851 600 911 nescia
614 850 696 910 Dido

54 950 172 1011 finibus
186 954 315 1010 arceret.
359 948 455 1009 Volat
469 947 525 1007 ille
539 967 595 1026 per
609 953 681 1008 aera
695 966 844 1024 magnum
923 974 973 1020 300·

55 1045 188 1125 remigio
202 1046 332 1121 alarum,
348 1063 384 1105 ac
399 1045 518 1123 Libyae
534 1044 615 1105 citus
631 1044 735 1104 astitit
749 1043 821 1103 oris.

55 1143 177 1203 Etiam
192 1141 279 1202 iussa
294 1141 381 1216 facit,
398 1146 581 1219 ponuntque
597 1140 717 1200 ferocia
730 1139 830 1200 Poeni

56 1240 153 1301 corda
165 1238 292 1299 volente
308 1238 383 1314 de03
406 1239 439 1296 in
454 1237 564 1315 primis
579 1237 687 1314 regina
702 1237 844 1315 quietum

56 1336 174 1414 accipit
187 1336 222 1394 in
237 1337 374 1394 Teucros
388 1335 528 1393 animum
543 1339 743 1412 mentemque
758 1333 934 1410 benignam.

59 1512 160 1560 Aeneae
175 1512 205 1558 in
221 1511 261 1558 the
278 1513 408 1569 morning,
421 1511 522 1568 leaving
539 1510 579 1557 hir
590 1511 651 1566 fleat
667 1511 785 1564 secretori,
797 1509 909 1567 explores
926 1508 967 1554 the

117 1590 226 1643 country
245 1586 392 1632 cadmean
411 1585 451 1632 hie
469 1585 568 1631 mother
584 1583 676 1640 Venus,
694 1583 749 1630 roto
773 1583 829 1631 tella
849 1583 904 1630 tim
926 1583 968 1630 the

117 1649 196 1707 whole
207 1664 277 1718 story
290 1660 321 1716 of
333 1658 409 1705 Dido.

99 1767 145 1825 At
159 1766 230 1844 pius
244 1766 377 1841 Aeneas,
393 1784 449 1844 per
463 1770 586 1825 noctem
601 1764 737 1843 plurima
751 1763 891 1839 volvens,
926 1790 967 1839 305

58 1869 96 1924 ut
110 1862 247 1942 primum
261 1862 318 1921 lux
332 1863 416 1923 alma
429 1863 504 1922 data
517 1868 575 1937 est,
591 1862 676 1922 exire
690 1861 837 1938 locosque

59 1960 225 2039 explorare
239 1977 347 2034 novos,
363 1976 441 2037 quas
456 1964 551 2018 vento
566 1958 733 2019 accesserit
747 1977 827 2032 oras,

61 2056 117 2136 qui
144 2061 283 2131 teneant,
298 2091 340 2101 —
353 2075 426 2116 nam
462 2055 583 2115 inculta
616 2056 712 2130 videt,
727 2090 768 2101 -
785 2055 966 2115 hominesne

141 2154 277 2228 feraene,

61 2268 212 2329 quaerere
227 2249 393 2310 constituit
409 2249 562 2327 sociisque
578 2254 688 2309 exacta
701 2248 828 2308 referre.

61 2346 204 2409 Classem
219 2347 252 2406 in
267 2365 408 2406 convexo
423 2365 585 2406 nemorum
602 2346 660 2405 sub
673 2364 751 2423 rupe
766 2349 877 2405 cavata
928 2371 972 2418 310

61 2442 224 2504 arboribus
239 2443 378 2503 clausam
393 2442 510 2503 circum
524 2434 836 2520 atquc'horrentibus
852 2439 970 2522 umbris

61 2538 179 2600 occulit
191 2562 198 2615 3
220 2539 289 2617 ipse
303 2558 366 2599 uno
381 2539 523 2617 graditur
537 2538 704 2599 comitatus
720 2537 852 2612 Achate,

61 2635 138 2698 bina
151 2654 246 2697 manu
260 2636 327 2697 lato
342 2636 484 2714 crispans
499 2635 629 2696 hastilia
641 2635 735 2695 ferro.

63 2732 124 2797 Oui
138 2737 239 2794 mater
253 2733 357 2793 media
371 2751 439 2792 sese
454 2732 531 2792 tulit
544 2732 637 2792 obvia
651 2732 741 2807 silva,

62 2828 198 2906 virginis
213 2847 248 2891 os
262 2829 468 2907 habitumque
483 2848 594 2907 gerens
609 2835 641 2888 et
656 2827 788 2905 virginis
803 2846 912 2902 arma,¹
931 2853 971 2902 315

65 2927 248 3006 Spartanae,
264 2927 316 2987 vel
331 2927 433 3005 qualis
448 2944 545 3004 equos
560 2925 707 2985 Threissa
720 2923 838 3002 fatigat

64 3023 248 3105 Harpalyce
262 3023 482 3101 volucremque
500 3022 577 3100 fuga
594 3021 811 3102 praevertitur
820 3020 992 3078 Remum.
