2160 3434
458 249 578 302 LIBER
601 251 627 302 Ι.

82 437 279 500 purpureum
293 424 326 480 et
339 419 440 480 laetos
456 420 554 479 oeulis
570 419 703 481 adflarat
716 422 868 481 honores:

84 517 180 596 quale
194 534 305 576 manus
320 516 442 575 addunt
457 517 543 576 ebori
558 517 664 591 decus,
679 523 735 577 aut
749 518 803 577 ubi
818 517 900 578 flavo

84 619 251 691 argentum
265 613 419 672 Pariusve
433 613 514 690 lapis
530 613 742 674 circumdatur
756 633 838 674 aur0.

84 713 168 770 Tum
182 709 228 771 sie
241 709 381 786 reginam
396 709 578 788 adloquitur
592 711 776 788 cunctisque
791 718 920 789 repente

84 806 267 885 inprovisus
281 805 343 866 ait:
368 807 506 881 ‘Coram
522 826 613 884 quem
629 808 790 885 quaeritis
807 809 918 868 adsum
950 836 989 885 595

84 903 200 964 Troius
214 902 347 978 Aeneas,
364 903 492 981 Libyeis
508 909 634 981 ereptus
649 905 688 965 ab
702 905 803 964 undis.

85 1002 113 1063 Ο
128 1001 196 1061 sola
209 1000 357 1060 infandos
372 1000 483 1060 Troiae
498 1000 648 1061 miserata
661 1001 794 1077 labores,

84 1117 167 1178 quae
182 1116 248 1173 nos,
264 1097 415 1175 reliquias
430 1098 583 1172 Danaum,
599 1104 765 1176 terraeque
780 1099 937 1177 marisque

84 1195 230 1256 omnibus
246 1194 416 1254 exhaustos
432 1194 494 1254 iam
509 1195 641 1270 casibus,
657 1196 797 1255 omnium
812 1216 926 1273 egenos

84 1293 171 1366 urbe,
187 1292 287 1367 domo,
304 1291 421 1351 socias:
444 1296 548 1367 grates
563 1292 741 1369 persolvere
756 1293 866 1369 dignas
949 1311 991 1354 600

84 1407 150 1448 non
164 1388 232 1466 opis
247 1392 296 1447 est
310 1392 444 1463 nostrae,
461 1387 552 1463 Dide,
569 1407 625 1448 nee
641 1389 798 1466 quidquid
811 1390 927 1468 ubique
942 1396 991 1450 est

85 1485 191 1563 gentis
206 1485 397 1559 Dardaniae,
414 1503 561 1561 magnum
577 1504 656 1562 quae
672 1504 781 1563 sparsa
795 1506 850 1564 per
864 1489 979 1547 orbem.

85 1583 129 1642 Di
143 1582 212 1656 tibi,
228 1583 255 1641 si
271 1601 333 1660 qua
347 1582 416 1661 pios
431 1578 610 1659 respectant
624 1584 762 1657 numina,
779 1583 897 1660 siquid

84 1697 219 1757 usquam
235 1679 359 1739 iustitia
373 1686 421 1739 est
436 1685 467 1739 et
482 1698 570 1738 mens
586 1679 647 1739 sibi
661 1680 786 1739 conseia
799 1681 886 1755 renti,
949 1697 990 1753 604

84 1775 226 1855 praemia
241 1776 336 1853 digna
351 1776 464 1836 ferant.
509 1777 593 1846 Quae
609 1782 641 1835 te
655 1781 722 1836 tam
736 1777 821 1836 laeta
833 1777 977 1836 tulerunt

85 1873 240 1933 saecula?
262 1873 317 1950 qui
331 1873 414 1933 tanti
428 1873 524 1933 talem
540 1891 672 1949 genuere
687 1878 861 1950 parentes?

84 1971 121 2029 in
134 1970 218 2030 freta
232 1970 307 2029 dum
322 1969 412 2028 fluvii
427 1975 561 2044 current,
576 1970 650 2028 dum
666 1970 826 2030 montibus
841 1972 969 2031 umbrae
1066 1961 1068 1965 ⁵

84 2067 267 2126 lustrabunt
281 2086 428 2141 convexa,
445 2067 536 2144 polus
551 2067 626 2126 dum
642 2067 745 2126 sidera
759 2073 875 2144 pascet,

85 2182 210 2242 semper
224 2164 323 2224 honos
339 2151 517 2241 nomenque
530 2169 618 2223 tuum
635 2164 805 2242 laudesque
820 2165 992 2226 manebunt

85 2279 167 2338 quae
181 2279 231 2319 me
246 2279 377 2337 eumque
390 2265 502 2320 vocant
517 2261 639 2320 terrae!
683 2261 734 2320 Sie
749 2261 845 2336 fatus,
858 2263 991 2321 amisum

85 2357 210 2417 Ilionea
223 2356 305 2434 petit
319 2358 438 2431 dextra,
453 2357 606 2434 laevaque
623 2357 792 2433 Serestum,
950 2377 991 2419 611

83 2459 158 2532 post
172 2453 261 2528 alios,
277 2454 454 2531 fortemque
470 2455 562 2531 Gyan
577 2454 754 2531 fortemque
771 2455 970 2516 Cloanthum.

130 2631 198 2678 Dido
210 2632 266 2678 tells
276 2632 376 2678 Aeneas
388 2632 443 2678 thet
453 2632 497 2678 ebe
508 2633 556 2679 has
566 2633 647 2679 heard
657 2633 687 2690 os
699 2633 754 2679 blm
760 2633 834 2690 from
848 2634 950 2681 Teucer.

128 2741 291 2820 Obstipuit
306 2743 407 2820 prime
421 2748 550 2820 aspectu
567 2742 696 2802 Sidonia
711 2744 804 2817 Dide,

85 2857 162 2899 casu
177 2838 291 2899 deinde
306 2839 368 2897 viri
382 2844 480 2913 tanto,
497 2840 589 2899 etsie
604 2859 657 2899 ore
672 2840 779 2900 loeuta
794 2845 860 2900 est:

87 2935 182 3007 ‘Quis
196 2941 327 3018 tanate
343 2936 409 3010 dea,
426 2942 586 3013 pertenta
601 2937 741 3014 pericula
755 2956 845 2998 casus
954 2954 994 3014 ως

86 3032 292 3110 insequitur?
315 3051 395 3109 quae
411 3033 459 3092 vis
475 3033 664 3093 immanibus
681 3034 822 3112 applicat
835 3034 926 3093 uriel
