2160 3434
87 251 128 313 20
436 259 646 314 AENEIDOS.

86 432 187 492 multa
201 450 336 509 gemens,
349 432 498 510 largoque
512 437 650 492 umectat
665 431 793 491 flumine
808 432 939 492 voltum.
950 451 992 508 4⁶5

1 543 2 546 ’
85 529 230 606 Namque
245 528 381 604 videbat,
397 528 447 588 uti
459 528 614 588 bellantes
629 529 782 606 Pergama
796 528 913 588 circum

85 626 143 685 hac
158 626 305 702 fugerent
322 625 406 700 Grai,
422 631 578 704 premeret
593 625 728 684 Troiana
744 625 910 701 iuventus;
956 677 958 680 ,

85 723 143 782 hac
157 722 309 800 Phryges,
325 722 459 782 instaret
474 741 567 782 curru
582 723 730 782 cristatus
745 722 896 781 Achilles.

85 819 152 878 Nec
166 819 275 896 procul
289 819 363 878 hine
378 818 479 878 Rhesi
494 819 595 879 niveis
611 819 749 885 tentoria
761 817 842 878 velis

85 915 226 992 agnoscit
239 915 532 999 lacrimanslprimo
548 934 627 993 quae
645 915 771 993 prodita
785 934 894 975 somno
950 941 994 987 470

86 1012 224 1090 Tydides
239 1012 339 1072 multa
352 1012 497 1072 vastabat
512 1012 605 1072 caede
623 1015 805 1086 cruentus]

85 1109 287 1186 ardentisque
301 1109 418 1169 avertit
432 1127 528 1186 equos
544 1109 579 1168 in
594 1114 705 1183 castra,
720 1109 905 1187 priusquam

85 1206 200 1284 pabula
214 1211 394 1282 gustassent
408 1205 520 1266 Troiae
535 1207 761 1284 Xanthumque
777 1205 940 1266 bibissent.

60 1307 62 1310 ’
85 1304 180 1363 Parte
195 1302 258 1362 alia
271 1302 396 1379 fugiens
411 1302 535 1362 amissis
553 1303 677 1362 Troilus
693 1302 787 1363 armis

86 1399 200 1458 infelix
214 1417 291 1476 puer
305 1404 400 1476 atque
414 1399 506 1477 inpar
520 1417 703 1477 congressus
720 1400 849 1473 Achilli,
952 1427 994 1476 475
1018 1413 1020 1418 '

86 1497 189 1555 fertur
204 1495 292 1572 equis
308 1513 462 1573 curruque
476 1496 585 1556 haeret
601 1497 766 1574 resupinus
781 1497 878 1571 inani,

86 1593 154 1652 lora
174 1598 285 1652 tenens
307 1597 429 1668 tamen3
461 1592 534 1652 huic
555 1593 723 1671 cervixque
745 1612 912 1671 comaeque
933 1599 996 1654 tra

169 1689 290 1748 huntur

87 1805 143 1865 per
157 1791 283 1860 terram,
298 1791 331 1845 et
344 1803 436 1846 versa
449 1787 554 1864 pulvis
573 1787 756 1848 inscribitur
771 1788 872 1848 hasta.

88 1883 216 1942 Interea
229 1882 269 1942 ad
282 1882 437 1960 templum
451 1901 515 1942 non
528 1901 645 1960 aequae
664 1885 804 1945 Palladis
819 1885 907 1945 ibant

89 1979 227 2040 crinibus
242 1978 359 2038 Iliades
373 1979 475 2056 passis
490 1979 679 2058 peplumque
696 1982 850 2056 ferebant,
953 1995 998 2054 480

90 2075 275 2155 suppliciter
290 2075 399 2135 tristes
414 2080 447 2134 et
463 2081 575 2136 tunsae
590 2083 717 2155 pectora
731 2078 860 2156 palmis:

90 2173 163 2233 diva
177 2172 244 2232 solo
258 2171 338 2231 fixos
352 2171 459 2232 oculos
474 2191 584 2233 aversa
598 2174 733 2234 tenebat.

90 2272 151 2330 Ter
165 2270 282 2330 circum
297 2269 411 2328 Iliacos
426 2274 606 2346 raptaverat
626 2271 766 2332 Hectora
782 2289 887 2331 muros

91 2367 331 2443 exanimumque
345 2384 421 2425 auro
436 2385 548 2445 corpus
565 2369 721 2429 vendebat
736 2368 887 2429 Achilles.

92 2465 172 2523 Tum
182 2481 257 2522 vero
268 2463 429 2539 ingentem
443 2465 594 2540 gemitum
607 2466 663 2525 dat
676 2471 803 2543 pectore
817 2465 857 2525 ab
870 2464 942 2539 imo,
955 2479 998 2540 485

91 2566 128 2620 ut
143 2559 253 2637 spolia,
268 2565 304 2618 ut
319 2578 436 2634 currus,
455 2565 552 2638 utque
568 2561 673 2639 ipsum
688 2580 801 2639 corpus
815 2560 908 2621 amici

91 2654 336 2734 tendentemque
350 2675 460 2716 manus
476 2657 637 2716 Priamum
652 2657 815 2736 conspexit
829 2658 976 2717 inermes

95 2754 134 2813 Se
148 2771 273 2830 quoque
290 2752 486 2831 principibus
504 2754 695 2831 permixtum
712 2754 841 2831 agnovit
856 2753 999 2829 Achivis,

93 2851 238 2928 ansque
253 2850 335 2910 acies
350 2855 381 2909 et
395 2850 479 2926 nigri
494 2851 672 2911 Memnonis
687 2869 784 2912 arma.

94 2947 192 3007 Ducit
205 2945 433 3006 Amazonidum
448 2945 565 3008 lunatis
581 2947 707 3025 agmina
720 2947 815 3024 peltis
957 2975 1002 3020 490

94 3042 299 3103 Penthesilea
312 3043 423 3104 furens
438 3042 613 3121 mediisque
628 3043 663 3103 in
676 3043 804 3106 milibus
820 3043 917 3118 ardet,
