2160 3434
430 216 551 266 LIBER
574 217 600 266 Ι.

63 407 120 448 neo
135 406 226 466 posse
241 387 338 447 Italia
352 388 542 447 Teucrorum
557 393 699 448 avertere
714 392 845 464 regem?

64 486 181 563 quippe
195 490 285 543 vetor
299 483 385 543 fatis.
428 484 576 543 Pallasne
591 503 720 545 exurere
734 486 867 545 classem

63 581 218 658 Argivum
232 585 326 657 atque
342 580 427 658 ipsos
441 581 546 659 potuit
561 581 760 659 submergere
775 589 873 660 ponto
939 614 969 656 40

61 680 156 739 unius
172 678 212 736 ob
226 696 339 736 noxam
354 683 386 738 et
400 677 501 738 furias
516 677 624 739 Aiacis
640 677 731 741 Oili?

62 780 146 856 Ipsa,
163 775 250 836 Iovis
266 774 412 853 rapidum
425 775 564 836 iaculata
577 795 595 836 e
608 775 745 837 nubibus
760 776 874 854 ignem,

62 873 250 953 disiecitque
264 879 349 934 rates
364 873 540 951 evertitque
555 892 691 952 aequora
703 874 818 951 ventis,

61 972 154 1031 illum
168 972 382 1051 exspirantem
396 970 549 1031 transfixo
563 976 689 1050 pectore
703 971 845 1032 flammas
875 968 884 985 ''

61 1069 188 1129 turbine
202 1069 355 1147 corripuit
368 1068 560 1147 scopuloque
573 1067 681 1129 infixit
693 1075 794 1130 acuto.
939 1097 966 1144 45

62 1166 123 1225 Ast
138 1185 204 1242 ege,
221 1185 300 1244 quae
316 1165 424 1225 diutim
438 1164 549 1225 incedo
562 1165 680 1242 regina,
695 1165 846 1245 Iovisque

62 1268 96 1322 et
110 1281 197 1324 soror
211 1268 243 1347 et
257 1262 403 1338 coniunx,
418 1280 567 1322 unacum
582 1267 677 1339 gente
690 1268 740 1323 tot
752 1281 852 1323 annos

62 1359 146 1419 bella
161 1378 249 1436 gero:
272 1365 305 1420 et
320 1359 488 1437 quisquam
502 1378 619 1418 numen
632 1359 765 1420 Iunonis
779 1360 889 1421 adorat

61 1460 232 1534 praeterea,
249 1461 304 1516 aut
318 1455 452 1534 supplex
466 1456 530 1516 aris
545 1455 686 1534 imponet
699 1456 849 1515 honorem
861 1458 892 1516 ?'

63 1650 114 1699 She
126 1650 186 1697 ests
196 1650 301 1698 Aeolus’
313 1652 367 1707 oid,
378 1652 432 1697 aad
446 1651 477 1698 he
493 1651 539 1698 lete
550 1651 615 1698 loose
626 1651 662 1697 all
673 1650 714 1697 tlte
725 1652 824 1708 winda,
837 1652 877 1698 the
889 1657 970 1699 sturm

412 1725 465 1771 aad
475 1724 625 1782 shipwreok.

103 1841 195 1902 Talia
207 1841 368 1902 flammato
383 1859 488 1901 secum
504 1841 563 1901 dea
576 1842 669 1902 corde
683 1842 829 1903 volutans
941 1871 969 1919 50

61 1938 239 1997 nimborum
252 1937 288 1995 in
301 1937 446 2015 patriam,
456 1937 527 1998 loca
540 1938 610 1999 feta
622 1938 803 1998 furentibus
818 1940 947 1999 Austris

60 2032 206 2093 Aeoliam
221 2033 317 2094 venit.
360 2033 423 2094 Hic
438 2039 530 2095 vasto
544 2053 601 2094 rex
614 2034 733 2095 Aeolus
748 2043 838 2096 antro

59 2129 218 2190 luctantes
231 2136 343 2190 ventos
358 2136 629 2210 tempestatesque
644 2150 772 2192 sonoras

30 2266 49 2309 ·‘.·
59 2225 192 2305 imperio
206 2227 322 2305 premit
335 2246 372 2289 ao
386 2226 500 2288 vinclis
515 2234 549 2288 et
561 2246 684 2289 carcere
700 2228 813 2290 frenat.

51 2298 115 2381 llli
128 2322 329 2400 indignantes
343 2344 457 2402 magno
471 2343 543 2385 cum
556 2345 715 2385 murmure
731 2327 845 2386 montis
944 2354 969 2401 55

59 2419 177 2479 circum
191 2419 329 2482 claustra
342 2421 501 2499 fremunt3
523 2422 609 2483 celsa
622 2425 712 2483 sedet
725 2424 844 2483 Aeolus
859 2443 928 2483 arce

1026 1047 1060 1077 f

59 2521 184 2593 sceptra
196 2522 317 2593 tenens,
333 2519 500 2597 mollitque
513 2520 635 2581 animos
651 2526 684 2581 et
697 2526 853 2599 temperat
867 2521 947 2580 iras:
1001 2570 1036 2607 a:

58 2612 92 2671 ni
106 2612 214 2689 faeiat,
228 2612 331 2674 maria
344 2633 380 2675 ao
394 2621 496 2677 terras
511 2615 694 2695 caelumque
709 2617 902 2695 profundum

58 2709 177 2787 quippe
191 2709 297 2772 ferant
311 2711 414 2788 rapidi
429 2731 536 2773 secum
549 2719 741 2792 verrantque
755 2733 812 2792 per
826 2732 933 2773 auras:

58 2804 116 2865 sed
128 2811 219 2883 pater
233 2807 432 2886 omnipotens
448 2809 609 2887 speluncis
623 2810 746 2871 abdidit
759 2810 838 2871 atris
941 2828 970 2870 60

56 2901 118 2962 hoc
131 2907 283 2980 metuens,
299 2904 476 2984 molemque
492 2912 524 2967 et
539 2912 661 2967 montes
676 2907 807 2985 insuper
820 2908 904 2968 altos

57 2998 219 3076 imposuit,
234 3018 402 3079 regemque
416 3002 516 3081 dedit,
532 3004 592 3084 qui
602 3003 742 3067 toedere
753 3007 849 3061 certo
