2160 3434
134 250 175 315 18
480 262 692 313 assumes.

130 515 231 561 Aeneas
241 515 295 560 anri
304 514 424 569 Achates,
432 513 566 560 coneeoled
575 513 608 570 oy
618 527 634 559 u
645 516 715 567 mist,
726 519 799 560 enter·
813 513 855 560 tlte
870 515 923 571 city
933 515 989 560 and
997 527 1040 562 seo

275 588 315 635 the
325 587 414 646 people
424 600 454 634 os
464 587 528 645 busy
539 600 569 634 as
578 587 635 635 bees
646 589 673 633 iu
684 587 757 645 curly
767 601 890 634 remorer.

170 722 355 800 Corripuere
368 721 453 781 viam
467 720 597 795 interea,
612 740 675 798 qua
688 722 802 781 semita
815 727 989 781 monstrat:

129 819 255 897 iamque
269 818 480 878 ascendebant
493 817 616 891 collem,
631 817 687 895 qui
700 818 856 895 plurimus
869 818 942 878 urbi

128 915 274 975 imminet
287 915 498 992 adversasque
512 920 656 992 aspectat
670 915 806 992 desuper
818 933 916 975 arces.
994 943 1040 988 μα

128 1013 266 1071 Miratur
278 1011 394 1071 molem
407 1012 540 1083 Aeneas,
555 1011 692 1087 magalia
706 1011 873 1088 quondam,

128 1109 261 1168 miratur
274 1114 383 1186 portas
398 1107 631 1185 strepitumque
646 1114 680 1167 et
693 1115 794 1167 strata
807 1108 941 1168 viarunn

128 1206 233 1265 Instat
247 1205 393 1264 ardentes
408 1204 513 1282 Tprii:
535 1223 608 1282 pars
622 1205 736 1264 ducere
750 1223 856 1264 muros

128 1303 295 1380 molirique
309 1320 412 1361 aroern
425 1308 459 1362 et
473 1301 616 1360 manibus
631 1301 817 1360 subvolvere
831 1319 917 1375 saxa,

128 1418 201 1477 pars
215 1406 326 1477 optare
340 1398 444 1458 loeum
459 1404 544 1458 teoto
559 1404 591 1456 et
605 1397 791 1457 concludere
804 1397 900 1457 suloo.
993 1426 1038 1474 μς

130 1495 216 1575 [iura
229 1496 495 1572 magistratusque
511 1494 622 1570 legunt
640 1501 846 1570 sanctumque
860 1495 1035 1575 senatum]

128 1593 192 1653 Hio
206 1599 315 1671 portus
330 1591 387 1651 alii
400 1592 573 1664 effodiunt3
595 1590 647 1649 hio
661 1590 727 1649 lata
740 1590 874 1650 theatris

128 1689 334 1748 fundamenta
347 1693 460 1766 petunt
474 1689 539 1762 alii,
555 1688 771 1764 immanesque
785 1686 946 1747 columnas

128 1787 259 1864 rupibus
273 1785 432 1859 excidunt,
448 1785 570 1845 scaenis
586 1785 698 1844 deeora
711 1783 778 1844 alta
791 1783 928 1844 futuris:

128 1883 231 1961 qualis
245 1901 320 1960 apes
335 1889 455 1942 aestate
471 1900 553 1941 nora
567 1900 623 1959 per
638 1880 734 1941 florea
747 1899 822 1940 rura
994 1910 1040 1957 430

128 1985 254 2039 exeroet
268 1979 327 2038 sub
340 1978 406 2038 sole
421 1979 517 2053 labor,
533 1997 605 2038 eum
619 1978 722 2054 gentis
737 1977 864 2038 adultos

129 2078 267 2136 eduount
280 2076 377 2149 fetus,
393 2081 448 2136 aut
463 2094 534 2135 eum
549 2075 706 2153 liquentia
719 2074 815 2134 mella

129 2174 250 2251 stipant
262 2180 296 2233 et
309 2173 395 2232 dulei
409 2173 594 2232 distendunt
609 2179 734 2231 neotare
749 2171 854 2246 cellas,

128 2277 184 2330 aut
198 2288 294 2330 onera
306 2270 466 2348 ascipiunt
481 2269 671 2341 venientum,
688 2275 743 2328 aut
757 2269 883 2345 agmine
896 2268 983 2329 freto

129 2367 277 2444 ignavum
290 2367 380 2427 fucos
394 2385 489 2444 peous
504 2385 524 2426 a
537 2365 739 2443 praesepibus
755 2372 881 2441 aroent3
994 2394 1038 2442 435

129 2465 233 2524 fervet
246 2483 334 2542 opus,
350 2464 554 2541 redolentque
569 2463 681 2540 thymo
696 2462 873 2539 fragrantia
888 2462 992 2523 mella

130 2566 139 2597 ‘
147 2561 174 2621 Ο
189 2560 353 2635 fortunati,
369 2579 502 2639 quorum
516 2560 580 2618 iam
593 2559 717 2619 moenia
731 2566 865 2636 surgunt
874 2559 900 2618 !'

129 2658 253 2717 Aeneas
267 2657 323 2732 ait,
338 2664 371 2716 et
384 2657 513 2733 fastigia
528 2655 662 2734 suspioit
677 2656 772 2716 urbis.

129 2754 234 2814 Infert
248 2773 281 2814 se
296 2761 424 2832 saeptus
438 2753 554 2813 nebula
571 2753 731 2831 (mirabile
745 2753 849 2829 dictu)

128 2869 185 2929 per
198 2851 318 2911 medios
333 2851 505 2927 miseetque
519 2850 607 2925 viris,
622 2868 724 2928 neque
738 2849 878 2910 cernitur
891 2848 960 2909 ulli.
994 2880 1040 2923 ⁴40
