2160 3434
129 266 172 331 12
476 279 687 333 Auusrnos.

129 449 262 527 triginta
275 469 404 526 magnos
418 449 583 510 volvendis
599 450 759 510 mensibus
775 449 859 510 orbis

129 545 262 624 imperio
277 545 424 624 explebit,
440 565 632 623 regnumque
647 547 686 606 ab
700 548 773 607 sede
788 547 903 606 Lavini
990 572 1033 618 270

129 643 310 717 transferet,
327 647 359 702 et
373 643 514 719 Longam
527 642 628 702 multa
641 643 674 702 vi
689 643 811 702 muniet
826 643 949 704 Albam.

130 739 194 799 Hic
209 739 273 798 iam
286 744 335 799 ter
349 745 477 800 centum
490 744 575 799 totos
590 739 771 816 regnabitur
786 758 885 799 annos

130 841 223 913 gente
239 835 297 895 sub
312 837 476 910 Hectorea,
493 836 590 895 donec
605 834 713 912 regina
728 836 871 895 sacerdos

131 934 235 992 Marte
251 931 354 1009 gravis
369 931 527 1009 geminam
540 937 635 1010 partu
650 932 738 991 dabit
752 931 815 991 Ilia
829 931 956 1010 prolem.

131 1029 210 1088 Inde
224 1020 316 1105 lupae
331 1028 421 1087 fulvo
436 1027 568 1088 nutricis
582 1027 721 1104 tegmine
736 1029 837 1088 laetus
991 1054 1031 1102 ²73

132 1125 286 1185 Romulus
301 1124 439 1202 excipiet
454 1130 588 1201 gentem,
604 1132 635 1184 et
650 1125 809 1185 Mavortia
823 1125 937 1184 condet

132 1221 257 1282 moenia
271 1223 492 1299 Romanosque
507 1240 564 1281 suo
579 1221 618 1280 de
632 1221 757 1280 nomine
773 1221 864 1282 dicet.

132 1319 194 1378 His
209 1337 266 1395 ego
280 1336 337 1377 nec
351 1323 452 1377 metas
468 1337 571 1377 rerum
585 1337 642 1378 nec
656 1325 800 1396 tempora
813 1336 912 1396 pon03

132 1415 300 1493 imperium
315 1414 383 1474 sine
397 1414 459 1474 fine
475 1415 555 1474 dedi.
598 1415 682 1485 Quin
696 1433 807 1491 aspera
820 1415 910 1489 iuno,
993 1440 1036 1485 279

133 1530 212 1591 quae
228 1529 313 1571 mare
327 1529 410 1570 nunc
425 1516 589 1588 terrasque
603 1516 690 1569 metu
706 1510 888 1588 caelumque
909 1510 1034 1586 fatigat,

75 1627 78 1633 ·
133 1608 265 1669 consilia
278 1608 312 1668 in
327 1607 440 1667 meiius
454 1607 579 1682 referet,
595 1625 779 1683 mecumque
794 1607 915 1666 fovebit

133 1706 300 1780 Romanos,
316 1722 420 1764 rerum
434 1703 587 1779 dominos,
603 1709 790 1781 gentemque
805 1708 952 1778 togatam.

134 1801 186 1862 Sic
201 1801 364 1879 placitum.
407 1800 522 1861 Veniet
535 1800 646 1860 lustris
661 1799 839 1860 labentibus
855 1806 951 1874 aetas,

133 1917 204 1959 cum
218 1899 328 1958 domus
343 1896 491 1957 Assaraci
505 1896 656 1956 Phthiam
670 1896 832 1973 clarasque
847 1897 1000 1974 Mycenas

134 1994 265 2055 servitio
279 1999 401 2072 premet
414 2011 450 2053 ac
464 1993 557 2053 victis
572 1992 784 2052 dominabitur
799 1993 902 2069 Argis.
995 2007 1037 2068 285

134 2092 291 2152 Nascetur
305 2089 438 2168 pulchra
452 2089 606 2149 Troianus
621 2088 742 2165 origine
757 2089 880 2164 Caesar,

134 2187 300 2266 imperium
317 2186 450 2260 Ocean0‚
466 2186 584 2246 famam
598 2186 653 2263 qui
667 2186 817 2246 terminet
831 2187 935 2261 astris,

134 2285 246 2360 Iulius,
262 2303 282 2344 a
295 2302 408 2361 magno
423 2283 595 2343 demissum
610 2300 723 2341 nomen
738 2283 819 2342 Iulo.

134 2383 229 2442 Hunc
242 2386 279 2441 tu
293 2380 370 2440 olim
384 2380 479 2454 ecclc,
496 2379 607 2458 spoliis
624 2379 763 2440 Orientis
779 2386 935 2454 onustum,

134 2478 269 2555 accipies
284 2496 410 2553 secura;
432 2477 595 2537 vocabitur
609 2476 661 2537 hio
675 2496 798 2555 quoque
813 2477 905 2536 votis,
997 2505 1042 2548 290

135 2575 256 2652 Aspera
269 2579 337 2634 tum
351 2573 463 2652 positis
479 2574 645 2634 mitescent
660 2574 784 2633 saecula
798 2574 909 2647 bellis3

135 2690 214 2732 cana
227 2671 322 2731 Fides
334 2677 366 2732 et
380 2671 486 2745 Vesta,
502 2671 601 2731 Remo
616 2689 688 2730 cum
702 2670 801 2730 fratre
816 2670 965 2741 Quirinus

67 2759 92 2829 ἲ,
135 2768 205 2828 iura
219 2768 355 2843 dabunt3
377 2767 463 2827 dirae
475 2768 561 2835 ferro
576 2773 609 2827 et
623 2767 825 2844 compagibus
840 2767 918 2826 artis

135 2865 322 2925 claudentur
335 2864 420 2923 Belli
434 2869 560 2942 portac3
582 2864 681 2923 Furor
696 2862 812 2941 impius
831 2863 918 2922 intus

137 2979 230 3023 saeva
243 2961 355 3021 sedens
371 2979 465 3039 super
479 2979 566 3020 arma
579 2965 611 3019 et
622 2965 750 3020 centum
759 2960 884 3019 vinctus
896 2957 983 3019 aenis
999 2987 1042 3036 ²95

125 3067 208 3131 post
222 3064 345 3136 tergum
359 3044 466 3134 nodis,'
475 3057 590 3116 fremet
604 3056 748 3116 horridus
765 3075 816 3116 ore
831 3054 980 3118 cruento!
