2160 3434
463 258 583 309 LIBER
604 259 631 309 Ι.

84 445 183 489 aurea
196 426 385 488 subnectens
400 432 543 488 exsertae
558 428 684 505 cingula
697 416 860 504 mammae,

84 523 245 599 bellatrix,
260 523 418 601 audetque
433 523 510 584 viris
525 527 707 586 concurrere
722 525 819 603 virgo.

84 727 156 775 Dido
171 731 256 775 catera
271 727 313 775 tlte
328 727 435 785 templa·
457 727 558 775 Aeneas
572 740 625 776 seer
642 729 682 776 tbe
698 731 838 786 comradea
849 729 914 786 who,
926 743 955 776 aa
965 730 996 777 be

413 802 530 860 thought,
541 815 606 849 were
617 802 672 849 lost.

52 924 55 929 ·
128 909 218 968 Haec
232 909 308 968 dum
323 909 484 969 Dardanio
498 910 626 969 Aeneae
642 910 785 970 miranda
798 910 954 985 videntur,
1051 981 1052 984 Ἴ

86 1005 164 1065 dum
178 1010 286 1083 stupet
300 1003 474 1083 obtutuque
491 1005 600 1066 haeret
615 1005 736 1066 defixus
752 1006 786 1066 in
799 1025 872 1082 uuo,
955 1035 995 1082 495

85 1101 198 1178 regina
212 1101 253 1162 ad
266 1101 430 1180 templum,
447 1102 549 1162 forma
564 1103 775 1181 pulcherrima
789 1104 881 1178 Dido,

84 1197 218 1258 incessit
231 1216 346 1276 magna
358 1199 507 1259 iuvenum
523 1199 661 1278 stipante
676 1205 809 1260 caterva.

86 1294 197 1366 Qualis
212 1294 246 1354 in
259 1295 398 1356 Eurotae
414 1296 492 1374 ripis
507 1301 563 1356 aut
576 1316 632 1374 per
646 1296 719 1374 iuga
733 1297 853 1375 Cynthi

86 1397 214 1452 exercet
227 1392 331 1452 Diana
344 1392 465 1467 choros,
480 1411 576 1470 quam
592 1393 679 1453 mille
694 1399 820 1454 secutae
954 1422 997 1468 499

86 1488 163 1548 hinc
185 1494 280 1566 atque
301 1488 376 1549 hinc
399 1490 612 1566 glomerantur
636 1489 789 1568 Oreades;
811 1491 869 1551 illa
889 1493 997 1570 phare-

169 1590 252 1645 tram

86 1685 153 1746 fert
166 1703 284 1760 umero,
297 1684 504 1762 gradiensque
518 1685 593 1744 deas
609 1685 821 1762 supereminet
835 1686 954 1761 omnis;

87 1783 278 1842 -Latonae
293 1781 426 1842 tacitum
441 1785 656 1858 pertemptant
671 1781 785 1858 gaudia
798 1788 908 1860 pectus
918 1805 926 1859 ;
935 1817 977 1828 —

86 1879 163 1940 talis
178 1884 247 1940 erat
260 1879 352 1954 Dide,
370 1877 467 1938 talem
483 1896 515 1938 se
529 1878 613 1938 laeta
629 1879 752 1938 ferebat

86 1995 145 2057 per
158 1976 287 2051 medios,
304 1976 426 2036 instans
442 1974 529 2053 operi
544 1975 711 2052 regnisque
726 1976 852 2036 futuris.

87 2075 170 2133 Tum
184 2073 306 2133 foribus
321 2072 422 2146 divae,
437 2070 541 2131 media
555 2071 715 2131 testudine
729 2074 849 2152 templi,
955 2102 994 2150 505

86 2175 199 2248 saepta
211 2169 308 2230 armis
323 2169 464 2246 solioque
479 2167 543 2227 alte
558 2168 693 2227 subnixa
706 2170 832 2231 resedit.

87 2267 164 2327 Iura
178 2267 273 2327 dabat
285 2267 433 2344 legesque
447 2265 535 2339 viris,
551 2283 741 2343 operumque
755 2265 894 2327 laborem

86 2363 232 2442 partibus
247 2363 402 2441 aequabat
416 2363 509 2422 iustis
524 2367 579 2422 aut
594 2367 677 2422 sorte
691 2363 844 2439 trahebat,

86 2478 161 2520 cum
175 2459 279 2520 subito
295 2460 417 2519 Aeneas
433 2477 586 2519 concursu
601 2460 746 2520 accedere
761 2479 874 2537 magno

87 2555 218 2617 Anthea
232 2555 473 2634 Sergestumque
488 2556 577 2615 videt
592 2555 769 2634 fortemque
783 2557 974 2618 Cloanthum

87 2653 342 2730 Teucrorumque
357 2652 445 2728 alios,
460 2658 530 2712 ater
544 2672 621 2730 quos
636 2672 771 2732 aequore
785 2655 877 2715 turbo
954 2684 993 2731 511

87 2748 265 2827 dispulerat
279 2749 468 2826 penitusque
483 2749 562 2809 alias
578 2757 727 2810 avexerat
741 2770 820 2811 oras.

89 2845 254 2923 Obstipuit
267 2845 363 2905 simul
377 2846 453 2923 ipse,
469 2846 565 2906 simul
579 2864 745 2923 percussus
761 2849 899 2910 Achates

88 2941 275 3019 laetitiaque
290 2947 456 3020 metuque:
478 2943 566 3002 avidi
580 2943 767 3020 coniungere
781 2946 909 3006 dextras

89 3039 251 3113 ardebant,
268 3038 324 3098 sed
338 3057 388 3098 res
403 3038 524 3099 animos
539 3039 701 3118 incognita
711 3041 836 3101 turbat
964 3068 1013 3108 Q
